<?xml version="1.0" encoding="UTF-8"?>
<!DOCTYPE html PUBLIC "-//W3C//DTD XHTML 1.0 Transitional//EN"
    "http://www.w3.org/TR/xhtml1/DTD/xhtml1-transitional.dtd">
<html xmlns="http://www.w3.org/1999/xhtml" xml:lang="en" lang="en">
 <head>
  <title>
</title>
<meta http-equiv="Content-Type" content="text/html;charset=utf-8" />
  <meta name='ocr-system' content='tesseract 3.04.00' />
  <meta name='ocr-capabilities' content='ocr_page ocr_carea ocr_par ocr_line ocrx_word'/>
</head>
<body>
  <div class='ocr_page' id='page_1' title='image "./demosthenisdeco01reicgoog_0016.png"; bbox 0 0 3052 5217; ppageno 0'>
   <div class='ocr_carea' id='block_1_1' title="bbox 1664 651 1775 728">
    <p class='ocr_par' dir='ltr' id='par_1_1' title="bbox 1664 651 1775 728">
     <span class='ocr_line' id='line_1_1' title="bbox 1664 651 1775 728; baseline 0.018 -2"><span class='ocrx_word' id='word_1_1' title='bbox 1664 651 1775 728; x_wconf 79' lang='lat'>&#39;14</span> 
     </span>
    </p>
   </div>
   <div class='ocr_carea' id='block_1_2' title="bbox 1570 755 1889 762">
    <p class='ocr_par' dir='ltr' id='par_1_2' title="bbox 1570 755 1889 762">
     <span class='ocr_line' id='line_1_2' title="bbox 1570 755 1889 762; baseline 0 4455"><span class='ocrx_word' id='word_1_2' title='bbox 1570 755 1889 762; x_wconf 95' lang='lat' dir='ltr'> </span> 
     </span>
    </p>
   </div>
   <div class='ocr_carea' id='block_1_3' title="bbox 609 847 2863 4213">
    <p class='ocr_par' dir='ltr' id='par_1_3' title="bbox 609 847 2855 1312">
     <span class='ocr_line' id='line_1_3' title="bbox 789 847 2855 962; baseline -0 -19"><span class='ocrx_word' id='word_1_3' title='bbox 789 875 922 944; x_wconf 87' lang='lat' dir='ltr'>Sed</span> <span class='ocrx_word' id='word_1_4' title='bbox 969 876 1078 944; x_wconf 82' lang='lat' dir='ltr'>vix</span> <span class='ocrx_word' id='word_1_5' title='bbox 1123 875 1280 943; x_wconf 91' lang='lat' dir='ltr'>illud</span> <span class='ocrx_word' id='word_1_6' title='bbox 1329 877 1560 943; x_wconf 89' lang='lat' dir='ltr'>bellum</span> <span class='ocrx_word' id='word_1_7' title='bbox 1609 878 1966 944; x_wconf 81' lang='lat' dir='ltr'>confectum</span> <span class='ocrx_word' id='word_1_8' title='bbox 2012 885 2180 962; x_wconf 86' lang='lat' dir='ltr'>erat,</span> <span class='ocrx_word' id='word_1_9' title='bbox 2243 883 2385 943; x_wconf 88' lang='lat' dir='ltr'>cum</span> <span class='ocrx_word' id='word_1_10' title='bbox 2430 897 2511 942; x_wconf 84' lang='lat' dir='ltr'>ex</span> <span class='ocrx_word' id='word_1_11' title='bbox 2558 847 2855 943; x_wconf 78' lang='lat' dir='ltr'>omnibus</span> 
     </span>
     <span class='ocr_line' id='line_1_4' title="bbox 609 990 2853 1078; baseline -0.002 -18"><span class='ocrx_word' id='word_1_12' title='bbox 609 994 744 1060; x_wconf 87' lang='lat' dir='ltr'>fere</span> <span class='ocrx_word' id='word_1_13' title='bbox 793 992 1190 1078; x_wconf 89' lang='lat' dir='ltr'>civitatibus,</span> <span class='ocrx_word' id='word_1_14' title='bbox 1253 1013 1419 1077; x_wconf 91' lang='lat' dir='ltr'>quae</span> <span class='ocrx_word' id='word_1_15' title='bbox 1482 993 1671 1060; x_wconf 91' lang='lat' dir='ltr'>modo</span> <span class='ocrx_word' id='word_1_16' title='bbox 1728 995 1811 1060; x_wconf 84' lang='lat' dir='ltr'>ab</span> <span class='ocrx_word' id='word_1_17' title='bbox 1872 993 2368 1060; x_wconf 80' lang='lat' dir='ltr'>Atheniensibus</span> <span class='ocrx_word' id='word_1_18' title='bbox 2426 990 2853 1075; x_wconf 82' lang='lat' dir='ltr'>desciverant,</span> 
     </span>
     <span class='ocr_line' id='line_1_5' title="bbox 609 1109 2851 1194; baseline -0 -19"><span class='ocrx_word' id='word_1_19' title='bbox 609 1109 938 1194; x_wconf 89' lang='lat' dir='ltr'>popularis</span> <span class='ocrx_word' id='word_1_20' title='bbox 987 1109 1329 1193; x_wconf 86' lang='lat' dir='ltr'>potestatis</span> <span class='ocrx_word' id='word_1_21' title='bbox 1361 1109 1554 1176; x_wconf 86' lang='lat' dir='ltr'>amici</span> <span class='ocrx_word' id='word_1_22' title='bbox 1600 1131 1641 1174; x_wconf 91' lang='lat' dir='ltr'>a</span> <span class='ocrx_word' id='word_1_23' title='bbox 1671 1109 1963 1194; x_wconf 81' lang='lat' dir='ltr'>singulis,</span> <span class='ocrx_word' id='word_1_24' title='bbox 2012 1110 2120 1193; x_wconf 89' lang='lat' dir='ltr'>qui</span> <span class='ocrx_word' id='word_1_25' title='bbox 2177 1129 2385 1175; x_wconf 88' lang='lat' dir='ltr'>rerum</span> <span class='ocrx_word' id='word_1_26' title='bbox 2424 1109 2851 1194; x_wconf 87' lang='lat' dir='ltr'>potiebantur,</span> 
     </span>
     <span class='ocr_line' id='line_1_6' title="bbox 613 1225 2257 1312; baseline 0.001 -22"><span class='ocrx_word' id='word_1_27' title='bbox 613 1226 920 1309; x_wconf 82' lang='lat' dir='ltr'>Mausolo,</span> <span class='ocrx_word' id='word_1_28' title='bbox 969 1246 1121 1308; x_wconf 85' lang='lat' dir='ltr'>rege</span> <span class='ocrx_word' id='word_1_29' title='bbox 1169 1225 1418 1310; x_wconf 78' lang='lat' dir='ltr'>Cariae,</span> <span class='ocrx_word' id='word_1_30' title='bbox 1469 1232 1739 1310; x_wconf 86' lang='lat' dir='ltr'>urgente</span> <span class='ocrx_word' id='word_1_31' title='bbox 1787 1232 1935 1292; x_wconf 88' lang='lat' dir='ltr'>sunt</span> <span class='ocrx_word' id='word_1_32' title='bbox 1982 1225 2172 1292; x_wconf 85' lang='lat' dir='ltr'>eiecti</span> <span class='ocrx_word' id='word_1_33' title='bbox 2192 1228 2257 1312; x_wconf 86' lang='grc'>1).</span> 
     </span>
    </p>

    <p class='ocr_par' dir='ltr' id='par_1_4' title="bbox 613 1339 2853 1775">
     <span class='ocr_line' id='line_1_7' title="bbox 791 1339 2852 1426; baseline 0 -20"><span class='ocrx_word' id='word_1_34' title='bbox 791 1343 1014 1426; x_wconf 83' lang='lat' dir='ltr'>ltaque</span> <span class='ocrx_word' id='word_1_35' title='bbox 1061 1343 1146 1408; x_wconf 91' lang='lat' dir='ltr'>ab</span> <span class='ocrx_word' id='word_1_36' title='bbox 1193 1341 1504 1407; x_wconf 90' lang='lat' dir='ltr'>insulanis</span> <span class='ocrx_word' id='word_1_37' title='bbox 1562 1339 1643 1408; x_wconf 90' lang='lat' dir='ltr'>de</span> <span class='ocrx_word' id='word_1_38' title='bbox 1689 1340 1940 1408; x_wconf 80' lang='lat' dir='ltr'>iniuriis</span> <span class='ocrx_word' id='word_1_39' title='bbox 1996 1342 2279 1426; x_wconf 82' lang='lat' dir='ltr'>acceptis</span> <span class='ocrx_word' id='word_1_40' title='bbox 2341 1343 2645 1410; x_wconf 81' lang='lat' dir='ltr'>certiores</span> <span class='ocrx_word' id='word_1_41' title='bbox 2700 1343 2852 1407; x_wconf 85' lang='lat' dir='ltr'>facti</span> 
     </span>
     <span class='ocr_line' id='line_1_8' title="bbox 613 1457 2853 1542; baseline -0.001 -18"><span class='ocrx_word' id='word_1_42' title='bbox 613 1457 831 1524; x_wconf 87' lang='lat' dir='ltr'>statim</span> <span class='ocrx_word' id='word_1_43' title='bbox 863 1457 1113 1541; x_wconf 83' lang='lat' dir='ltr'>legatos</span> <span class='ocrx_word' id='word_1_44' title='bbox 1145 1457 1231 1524; x_wconf 90' lang='lat' dir='ltr'>ad</span> <span class='ocrx_word' id='word_1_45' title='bbox 1267 1457 1436 1524; x_wconf 91' lang='lat' dir='ltr'>hunc</span> <span class='ocrx_word' id='word_1_46' title='bbox 1468 1478 1688 1542; x_wconf 84' lang='lat' dir='ltr'>regem</span> <span class='ocrx_word' id='word_1_47' title='bbox 1719 1457 2047 1542; x_wconf 82' lang='lat' dir='ltr'>miserunt,</span> <span class='ocrx_word' id='word_1_48' title='bbox 2081 1459 2207 1542; x_wconf 91' lang='lat' dir='ltr'>qui,</span> <span class='ocrx_word' id='word_1_49' title='bbox 2258 1478 2337 1524; x_wconf 89' lang='lat' dir='ltr'>ne</span> <span class='ocrx_word' id='word_1_50' title='bbox 2372 1467 2593 1525; x_wconf 88' lang='lat' dir='ltr'>contra</span> <span class='ocrx_word' id='word_1_51' title='bbox 2626 1457 2853 1524; x_wconf 85' lang='lat' dir='ltr'>foedus</span> 
     </span>
     <span class='ocr_line' id='line_1_9' title="bbox 613 1573 2852 1658; baseline -0.001 -19"><span class='ocrx_word' id='word_1_52' title='bbox 613 1574 877 1654; x_wconf 85' lang='lat' dir='ltr'>faceret,</span> <span class='ocrx_word' id='word_1_53' title='bbox 926 1573 1358 1640; x_wconf 85' lang='lat' dir='ltr'>admonerent.</span> <span class='ocrx_word' id='word_1_54' title='bbox 1454 1573 1587 1640; x_wconf 88' lang='lat' dir='ltr'>Sed</span> <span class='ocrx_word' id='word_1_55' title='bbox 1618 1574 1887 1658; x_wconf 83' lang='lat' dir='ltr'>frustra3</span> <span class='ocrx_word' id='word_1_56' title='bbox 1936 1574 2129 1640; x_wconf 91' lang='lat' dir='ltr'>immo</span> <span class='ocrx_word' id='word_1_57' title='bbox 2160 1574 2283 1641; x_wconf 90' lang='lat' dir='ltr'>hae</span> <span class='ocrx_word' id='word_1_58' title='bbox 2316 1575 2565 1641; x_wconf 87' lang='lat' dir='ltr'>insulae</span> <span class='ocrx_word' id='word_1_59' title='bbox 2611 1575 2675 1640; x_wconf 90' lang='lat' dir='ltr'>in</span> <span class='ocrx_word' id='word_1_60' title='bbox 2714 1573 2852 1640; x_wconf 88' lang='lat' dir='ltr'>eius</span> 
     </span>
     <span class='ocr_line' id='line_1_10' title="bbox 615 1689 1637 1775; baseline -0.001 -20"><span class='ocrx_word' id='word_1_61' title='bbox 615 1696 1001 1773; x_wconf 83' lang='lat' dir='ltr'>potestatem</span> <span class='ocrx_word' id='word_1_62' title='bbox 1048 1697 1195 1757; x_wconf 86' lang='lat' dir='ltr'>sunt</span> <span class='ocrx_word' id='word_1_63' title='bbox 1242 1689 1546 1756; x_wconf 89' lang='lat' dir='ltr'>redactae</span> <span class='ocrx_word' id='word_1_64' title='bbox 1566 1689 1637 1775; x_wconf 73' lang='grc'>2).</span> 
     </span>
    </p>

    <p class='ocr_par' dir='ltr' id='par_1_5' title="bbox 617 1805 2856 2123">
     <span class='ocr_line' id='line_1_11' title="bbox 793 1805 2856 1891; baseline -0.001 -19"><span class='ocrx_word' id='word_1_65' title='bbox 793 1808 1017 1889; x_wconf 88' lang='lat' dir='ltr'>Itaque</span> <span class='ocrx_word' id='word_1_66' title='bbox 1050 1805 1304 1890; x_wconf 89' lang='lat' dir='ltr'>Rhodii,</span> <span class='ocrx_word' id='word_1_67' title='bbox 1353 1827 1493 1872; x_wconf 90' lang='lat' dir='ltr'>cum</span> <span class='ocrx_word' id='word_1_68' title='bbox 1526 1806 1620 1872; x_wconf 89' lang='lat' dir='ltr'>eis</span> <span class='ocrx_word' id='word_1_69' title='bbox 1655 1827 1735 1872; x_wconf 93' lang='lat' dir='ltr'>ne</span> <span class='ocrx_word' id='word_1_70' title='bbox 1768 1814 2014 1873; x_wconf 89' lang='lat' dir='ltr'>mortuo</span> <span class='ocrx_word' id='word_1_71' title='bbox 2048 1805 2305 1890; x_wconf 88' lang='lat' dir='ltr'>quidem</span> <span class='ocrx_word' id='word_1_72' title='bbox 2338 1807 2447 1873; x_wconf 90' lang='lat' dir='ltr'>illo</span> <span class='ocrx_word' id='word_1_73' title='bbox 2481 1827 2633 1891; x_wconf 87' lang='lat' dir='ltr'>rege</span> <span class='ocrx_word' id='word_1_74' title='bbox 2668 1807 2856 1890; x_wconf 91' lang='lat' dir='ltr'>copia</span> 
     </span>
     <span class='ocr_line' id='line_1_12' title="bbox 617 1906 2853 2007; baseline -0.001 -19"><span class='ocrx_word' id='word_1_75' title='bbox 617 1923 838 1988; x_wconf 90' lang='lat' dir='ltr'>domos</span> <span class='ocrx_word' id='word_1_76' title='bbox 887 1916 1198 1988; x_wconf 89' lang='lat' dir='ltr'>redeundi</span> <span class='ocrx_word' id='word_1_77' title='bbox 1244 1923 1422 1988; x_wconf 89' lang='lat' dir='ltr'>facta</span> <span class='ocrx_word' id='word_1_78' title='bbox 1467 1930 1659 2007; x_wconf 86' lang='lat' dir='ltr'>esset,</span> <span class='ocrx_word' id='word_1_79' title='bbox 1708 1921 2137 1990; x_wconf 86' lang='lat' dir='ltr'>Athenienses</span> <span class='ocrx_word' id='word_1_80' title='bbox 2186 1922 2397 1989; x_wconf 91' lang='lat' dir='ltr'>denuo</span> <span class='ocrx_word' id='word_1_81' title='bbox 2444 1906 2741 1990; x_wconf 86' lang='lat' dir='ltr'>adierunt</span> <span class='ocrx_word' id='word_1_82' title='bbox 2792 1931 2853 1988; x_wconf 86' lang='lat' dir='ltr'>et</span> 
     </span>
     <span class='ocr_line' id='line_1_13' title="bbox 617 2036 1923 2123; baseline -0.001 -20"><span class='ocrx_word' id='word_1_83' title='bbox 617 2046 978 2123; x_wconf 82' lang='lat' dir='ltr'>oraverunt,</span> <span class='ocrx_word' id='word_1_84' title='bbox 1027 2045 1098 2104; x_wconf 88' lang='lat' dir='ltr'>ut</span> <span class='ocrx_word' id='word_1_85' title='bbox 1143 2036 1268 2104; x_wconf 84' lang='lat' dir='ltr'>sibi</span> <span class='ocrx_word' id='word_1_86' title='bbox 1314 2038 1623 2103; x_wconf 86' lang='lat' dir='ltr'>auxilium</span> <span class='ocrx_word' id='word_1_87' title='bbox 1668 2039 1923 2104; x_wconf 87' lang='lat' dir='ltr'>ferrent.</span> 
     </span>
    </p>

    <p class='ocr_par' dir='ltr' id='par_1_6' title="bbox 617 2153 2857 2337">
     <span class='ocr_line' id='line_1_14' title="bbox 795 2153 2857 2239; baseline 0 -19"><span class='ocrx_word' id='word_1_88' title='bbox 795 2153 981 2220; x_wconf 88' lang='lat' dir='ltr'>Unde</span> <span class='ocrx_word' id='word_1_89' title='bbox 1027 2155 1267 2220; x_wconf 87' lang='lat' dir='ltr'>factum</span> <span class='ocrx_word' id='word_1_90' title='bbox 1300 2162 1416 2239; x_wconf 84' lang='lat' dir='ltr'>est,</span> <span class='ocrx_word' id='word_1_91' title='bbox 1463 2162 1534 2220; x_wconf 86' lang='lat' dir='ltr'>nt</span> <span class='ocrx_word' id='word_1_92' title='bbox 1568 2154 2033 2222; x_wconf 84' lang='lat' dir='ltr'>Demosthenes</span> <span class='ocrx_word' id='word_1_93' title='bbox 2067 2154 2333 2221; x_wconf 85' lang='lat' dir='ltr'>haberet</span> <span class='ocrx_word' id='word_1_94' title='bbox 2380 2155 2731 2221; x_wconf 84' lang='lat' dir='ltr'>orationem</span> <span class='ocrx_word' id='word_1_95' title='bbox 2776 2154 2857 2220; x_wconf 91' lang='lat' dir='ltr'>de</span> 
     </span>
     <span class='ocr_line' id='line_1_15' title="bbox 617 2269 1368 2337; baseline 0.001 -1"><span class='ocrx_word' id='word_1_96' title='bbox 617 2271 914 2337; x_wconf 88' lang='lat' dir='ltr'>libertate</span> <span class='ocrx_word' id='word_1_97' title='bbox 958 2269 1368 2336; x_wconf 87' lang='lat' dir='ltr'>Rhodiorum.</span> 
     </span>
    </p>

    <p class='ocr_par' dir='ltr' id='par_1_7' title="bbox 618 2386 2855 2589">
     <span class='ocr_line' id='line_1_16' title="bbox 795 2386 2855 2472; baseline -0.001 -18"><span class='ocrx_word' id='word_1_98' title='bbox 795 2387 942 2454; x_wconf 85' lang='lat' dir='ltr'>Jam</span> <span class='ocrx_word' id='word_1_99' title='bbox 990 2386 1045 2451; x_wconf 88' lang='lat' dir='ltr'>si</span> <span class='ocrx_word' id='word_1_100' title='bbox 1091 2387 1234 2471; x_wconf 91' lang='lat' dir='ltr'>quis</span> <span class='ocrx_word' id='word_1_101' title='bbox 1283 2387 1677 2471; x_wconf 88' lang='lat' dir='ltr'>prooemium</span> <span class='ocrx_word' id='word_1_102' title='bbox 1724 2388 1940 2452; x_wconf 83' lang='lat' dir='ltr'><strong>XXIV</strong></span> <span class='ocrx_word' id='word_1_103' title='bbox 1987 2388 2180 2472; x_wconf 81' lang='lat' dir='ltr'>leget,</span> <span class='ocrx_word' id='word_1_104' title='bbox 2230 2387 2387 2452; x_wconf 89' lang='lat' dir='ltr'>nihil</span> <span class='ocrx_word' id='word_1_105' title='bbox 2436 2387 2499 2452; x_wconf 92' lang='lat' dir='ltr'>in</span> <span class='ocrx_word' id='word_1_106' title='bbox 2549 2408 2625 2452; x_wconf 93' lang='lat' dir='ltr'>eo</span> <span class='ocrx_word' id='word_1_107' title='bbox 2672 2407 2855 2470; x_wconf 89' lang='lat' dir='ltr'>repe-</span> 
     </span>
     <span class='ocr_line' id='line_1_17' title="bbox 618 2501 2075 2589; baseline 0 -20"><span class='ocrx_word' id='word_1_108' title='bbox 618 2504 757 2589; x_wconf 86' lang='lat' dir='ltr'>riet,</span> <span class='ocrx_word' id='word_1_109' title='bbox 805 2501 976 2588; x_wconf 88' lang='lat' dir='ltr'>quod</span> <span class='ocrx_word' id='word_1_110' title='bbox 1023 2502 1107 2568; x_wconf 88' lang='lat' dir='ltr'>ad</span> <span class='ocrx_word' id='word_1_111' title='bbox 1153 2503 1320 2568; x_wconf 88' lang='lat' dir='ltr'>hanc</span> <span class='ocrx_word' id='word_1_112' title='bbox 1364 2523 1498 2568; x_wconf 89' lang='lat' dir='ltr'>rem</span> <span class='ocrx_word' id='word_1_113' title='bbox 1546 2524 1670 2569; x_wconf 91' lang='lat' dir='ltr'>non</span> <span class='ocrx_word' id='word_1_114' title='bbox 1719 2502 2075 2569; x_wconf 88' lang='lat' dir='ltr'>conveniat.</span> 
     </span>
    </p>

    <p class='ocr_par' dir='ltr' id='par_1_8' title="bbox 621 2619 2855 2803">
     <span class='ocr_line' id='line_1_18' title="bbox 796 2619 2855 2706; baseline -0.001 -20"><span class='ocrx_word' id='word_1_115' title='bbox 796 2621 986 2686; x_wconf 90' lang='lat' dir='ltr'>Velut</span> <span class='ocrx_word' id='word_1_116' title='bbox 1031 2626 1247 2685; x_wconf 83' lang='lat' dir='ltr'>orator</span> <span class='ocrx_word' id='word_1_117' title='bbox 1289 2620 1542 2703; x_wconf 83' lang='lat' dir='ltr'>legatos</span> <span class='ocrx_word' id='word_1_118' title='bbox 1576 2619 1965 2686; x_wconf 86' lang='lat' dir='ltr'>Rhodiorum</span> <span class='ocrx_word' id='word_1_119' title='bbox 1996 2621 2337 2706; x_wconf 84' lang='lat' dir='ltr'>vituperat,</span> <span class='ocrx_word' id='word_1_120' title='bbox 2386 2619 2557 2704; x_wconf 84' lang='lat' dir='ltr'>quod</span> <span class='ocrx_word' id='word_1_121' title='bbox 2591 2619 2855 2685; x_wconf 85' lang='lat' dir='ltr'>Atheni-</span> 
     </span>
     <span class='ocr_line' id='line_1_19' title="bbox 621 2736 1601 2803; baseline -0.002 0"><span class='ocrx_word' id='word_1_122' title='bbox 621 2757 809 2803; x_wconf 80' lang='lat' dir='ltr'>enses</span> <span class='ocrx_word' id='word_1_123' title='bbox 855 2736 1091 2802; x_wconf 87' lang='lat' dir='ltr'>iniuste</span> <span class='ocrx_word' id='word_1_124' title='bbox 1139 2736 1601 2802; x_wconf 80' lang='lat' dir='ltr'>accusaverint.</span> 
     </span>
    </p>

    <p class='ocr_par' dir='ltr' id='par_1_9' title="bbox 621 2851 2858 3053">
     <span class='ocr_line' id='line_1_20' title="bbox 799 2851 2858 2939; baseline 0 -22"><span class='ocrx_word' id='word_1_125' title='bbox 799 2854 978 2919; x_wconf 90' lang='lat' dir='ltr'>Haec</span> <span class='ocrx_word' id='word_1_126' title='bbox 1025 2852 1350 2918; x_wconf 86' lang='lat' dir='ltr'>accusatio</span> <span class='ocrx_word' id='word_1_127' title='bbox 1398 2851 1557 2916; x_wconf 93' lang='lat' dir='ltr'>mihi</span> <span class='ocrx_word' id='word_1_128' title='bbox 1605 2851 1863 2937; x_wconf 88' lang='lat' dir='ltr'>quidem</span> <span class='ocrx_word' id='word_1_129' title='bbox 1909 2852 1977 2919; x_wconf 91' lang='lat' dir='ltr'>id</span> <span class='ocrx_word' id='word_1_130' title='bbox 2024 2861 2319 2937; x_wconf 85' lang='lat' dir='ltr'>spectare</span> <span class='ocrx_word' id='word_1_131' title='bbox 2365 2852 2636 2939; x_wconf 84' lang='lat' dir='ltr'>videtur,</span> <span class='ocrx_word' id='word_1_132' title='bbox 2688 2854 2858 2939; x_wconf 88' lang='lat' dir='ltr'>quod</span> 
     </span>
     <span class='ocr_line' id='line_1_21' title="bbox 621 2967 2666 3053; baseline 0.001 -20"><span class='ocrx_word' id='word_1_133' title='bbox 621 2968 1046 3035; x_wconf 87' lang='lat' dir='ltr'>Athenienses</span> <span class='ocrx_word' id='word_1_134' title='bbox 1094 2967 1360 3034; x_wconf 87' lang='lat' dir='ltr'>Rhodiis</span> <span class='ocrx_word' id='word_1_135' title='bbox 1409 2989 1536 3034; x_wconf 91' lang='lat' dir='ltr'>non</span> <span class='ocrx_word' id='word_1_136' title='bbox 1582 2969 1709 3033; x_wconf 90' lang='lat' dir='ltr'>iam</span> <span class='ocrx_word' id='word_1_137' title='bbox 1758 2968 2005 3053; x_wconf 87' lang='lat' dir='ltr'>pridem</span> <span class='ocrx_word' id='word_1_138' title='bbox 2050 2977 2363 3036; x_wconf 85' lang='lat' dir='ltr'>venerunt</span> <span class='ocrx_word' id='word_1_139' title='bbox 2408 2970 2666 3037; x_wconf 86' lang='lat' dir='ltr'>auxilio.</span> 
     </span>
    </p>

    <p class='ocr_par' dir='ltr' id='par_1_10' title="bbox 623 3083 2859 3633">
     <span class='ocr_line' id='line_1_22' title="bbox 801 3083 2859 3169; baseline 0 -20"><span class='ocrx_word' id='word_1_140' title='bbox 801 3086 964 3149; x_wconf 85' lang='lat' dir='ltr'>Tum</span> <span class='ocrx_word' id='word_1_141' title='bbox 1007 3090 1221 3150; x_wconf 86' lang='lat' dir='ltr'>orator</span> <span class='ocrx_word' id='word_1_142' title='bbox 1259 3083 1655 3150; x_wconf 88' lang='lat' dir='ltr'>demonstrat</span> <span class='ocrx_word' id='word_1_143' title='bbox 1687 3083 2112 3151; x_wconf 85' lang='lat' dir='ltr'>Athenienses</span> <span class='ocrx_word' id='word_1_144' title='bbox 2146 3086 2387 3169; x_wconf 88' lang='lat' dir='ltr'>optimo</span> <span class='ocrx_word' id='word_1_145' title='bbox 2420 3086 2554 3153; x_wconf 89' lang='lat' dir='ltr'>iure</span> <span class='ocrx_word' id='word_1_146' title='bbox 2588 3086 2859 3152; x_wconf 83' lang='lat' dir='ltr'>affectos</span> 
     </span>
     <span class='ocr_line' id='line_1_23' title="bbox 623 3198 2857 3286; baseline 0 -19"><span class='ocrx_word' id='word_1_147' title='bbox 623 3222 767 3267; x_wconf 89' lang='lat' dir='ltr'>esse</span> <span class='ocrx_word' id='word_1_148' title='bbox 814 3200 1094 3266; x_wconf 83' lang='lat' dir='ltr'>maxima</span> <span class='ocrx_word' id='word_1_149' title='bbox 1138 3198 1581 3285; x_wconf 86' lang='lat' dir='ltr'>indignatione</span> <span class='ocrx_word' id='word_1_150' title='bbox 1630 3201 1694 3265; x_wconf 89' lang='lat' dir='ltr'>in</span> <span class='ocrx_word' id='word_1_151' title='bbox 1742 3200 2057 3285; x_wconf 82' lang='lat' dir='ltr'>Rhodios,</span> <span class='ocrx_word' id='word_1_152' title='bbox 2111 3222 2377 3285; x_wconf 88' lang='lat' dir='ltr'>quorum</span> <span class='ocrx_word' id='word_1_153' title='bbox 2426 3222 2528 3269; x_wconf 88' lang='lat' dir='ltr'>res</span> <span class='ocrx_word' id='word_1_154' title='bbox 2575 3202 2666 3269; x_wconf 87' lang='lat' dir='ltr'>eis</span> <span class='ocrx_word' id='word_1_155' title='bbox 2714 3202 2857 3286; x_wconf 87' lang='lat' dir='ltr'>plus</span> 
     </span>
     <span class='ocr_line' id='line_1_24' title="bbox 623 3316 2859 3401; baseline 0 -20"><span class='ocrx_word' id='word_1_156' title='bbox 623 3316 866 3399; x_wconf 88' lang='lat' dir='ltr'>negotii</span> <span class='ocrx_word' id='word_1_157' title='bbox 916 3317 1243 3382; x_wconf 83' lang='lat' dir='ltr'>facessant</span> <span class='ocrx_word' id='word_1_158' title='bbox 1290 3336 1480 3399; x_wconf 87' lang='lat' dir='ltr'>quam</span> <span class='ocrx_word' id='word_1_159' title='bbox 1529 3336 1714 3398; x_wconf 85' lang='lat' dir='ltr'>suae;</span> <span class='ocrx_word' id='word_1_160' title='bbox 1762 3336 1907 3381; x_wconf 88' lang='lat' dir='ltr'>nam</span> <span class='ocrx_word' id='word_1_161' title='bbox 1956 3316 2093 3401; x_wconf 85' lang='lat' dir='ltr'>hos,</span> <span class='ocrx_word' id='word_1_162' title='bbox 2144 3318 2685 3400; x_wconf 87' lang='lat' dir='ltr'>quotienscunque</span> <span class='ocrx_word' id='word_1_163' title='bbox 2743 3338 2859 3383; x_wconf 88' lang='lat' dir='ltr'>suo</span> 
     </span>
     <span class='ocr_line' id='line_1_25' title="bbox 626 3432 2859 3525; baseline 0.001 -28"><span class='ocrx_word' id='word_1_164' title='bbox 626 3434 832 3499; x_wconf 83' lang='lat' dir='ltr'>Marte</span> <span class='ocrx_word' id='word_1_165' title='bbox 878 3434 1112 3498; x_wconf 81' lang='lat' dir='ltr'>bellum</span> <span class='ocrx_word' id='word_1_166' title='bbox 1159 3432 1494 3516; x_wconf 82' lang='lat' dir='ltr'>gesserint,</span> <span class='ocrx_word' id='word_1_167' title='bbox 1528 3433 1625 3525; x_wconf 22' lang='lat' dir='ltr'>‚ab</span> <span class='ocrx_word' id='word_1_168' title='bbox 1656 3432 1784 3497; x_wconf 93' lang='lat' dir='ltr'>illis</span> <span class='ocrx_word' id='word_1_169' title='bbox 1817 3432 1899 3498; x_wconf 90' lang='lat' dir='ltr'>de</span> <span class='ocrx_word' id='word_1_170' title='bbox 1937 3434 2297 3499; x_wconf 83' lang='lat' dir='ltr'>temeritate</span> <span class='ocrx_word' id='word_1_171' title='bbox 2330 3455 2408 3499; x_wconf 86' lang='lat' dir='ltr'>ac</span> <span class='ocrx_word' id='word_1_172' title='bbox 2440 3434 2859 3519; x_wconf 79' lang='lat' dir='ltr'>perversitate</span> 
     </span>
     <span class='ocr_line' id='line_1_26' title="bbox 626 3530 2566 3633; baseline 0.001 -19"><span class='ocrx_word' id='word_1_173' title='bbox 626 3548 938 3615; x_wconf 87' lang='lat' dir='ltr'>deductos</span> <span class='ocrx_word' id='word_1_174' title='bbox 985 3568 1128 3613; x_wconf 87' lang='lat' dir='ltr'>esse</span> <span class='ocrx_word' id='word_1_175' title='bbox 1176 3556 1240 3613; x_wconf 91' lang='lat' dir='ltr'>et</span> <span class='ocrx_word' id='word_1_176' title='bbox 1289 3548 1414 3613; x_wconf 90' lang='lat' dir='ltr'>iam</span> <span class='ocrx_word' id='word_1_177' title='bbox 1463 3568 1659 3633; x_wconf 83' lang='lat' dir='ltr'>saepe</span> <span class='ocrx_word' id='word_1_178' title='bbox 1705 3555 2012 3615; x_wconf 71' lang='lat' dir='ltr'>servatos,</span> <span class='ocrx_word' id='word_1_179' title='bbox 2558 3530 2566 3537; x_wconf 44' lang='lat'>⁸</span> 
     </span>
    </p>

    <p class='ocr_par' dir='ltr' id='par_1_11' title="bbox 627 3662 2863 3993">
     <span class='ocr_line' id='line_1_27' title="bbox 805 3662 2863 3749; baseline 0.001 -20"><span class='ocrx_word' id='word_1_180' title='bbox 805 3662 1050 3742; x_wconf 82' lang='lat' dir='ltr'>Quibus</span> <span class='ocrx_word' id='word_1_181' title='bbox 1103 3664 1318 3730; x_wconf 89' lang='lat' dir='ltr'>verbis</span> <span class='ocrx_word' id='word_1_182' title='bbox 1381 3671 1597 3729; x_wconf 85' lang='lat' dir='ltr'>orator</span> <span class='ocrx_word' id='word_1_183' title='bbox 1658 3672 1722 3729; x_wconf 94' lang='lat' dir='ltr'>et</span> <span class='ocrx_word' id='word_1_184' title='bbox 1778 3664 1977 3749; x_wconf 86' lang='lat' dir='ltr'>bella,</span> <span class='ocrx_word' id='word_1_185' title='bbox 2042 3685 2209 3747; x_wconf 87' lang='lat' dir='ltr'>quae</span> <span class='ocrx_word' id='word_1_186' title='bbox 2267 3664 2501 3731; x_wconf 82' lang='lat' dir='ltr'>Rhodii</span> <span class='ocrx_word' id='word_1_187' title='bbox 2563 3667 2727 3731; x_wconf 87' lang='lat' dir='ltr'>inter</span> <span class='ocrx_word' id='word_1_188' title='bbox 2794 3688 2863 3732; x_wconf 91' lang='lat' dir='ltr'>se</span> 
     </span>
     <span class='ocr_line' id='line_1_28' title="bbox 627 3779 2862 3865; baseline 0.001 -20"><span class='ocrx_word' id='word_1_189' title='bbox 627 3787 984 3865; x_wconf 80' lang='lat' dir='ltr'>gesserunt,</span> <span class='ocrx_word' id='word_1_190' title='bbox 1034 3786 1099 3845; x_wconf 89' lang='lat' dir='ltr'>et</span> <span class='ocrx_word' id='word_1_191' title='bbox 1131 3779 1555 3847; x_wconf 86' lang='lat' dir='ltr'>defectionem</span> <span class='ocrx_word' id='word_1_192' title='bbox 1604 3780 1687 3845; x_wconf 90' lang='lat' dir='ltr'>ab</span> <span class='ocrx_word' id='word_1_193' title='bbox 1732 3780 2250 3865; x_wconf 76' lang='lat' dir='ltr'>AthenielisibuS‚</span> <span class='ocrx_word' id='word_1_194' title='bbox 2302 3802 2490 3864; x_wconf 86' lang='lat' dir='ltr'>quam</span> <span class='ocrx_word' id='word_1_195' title='bbox 2526 3782 2753 3848; x_wconf 86' lang='lat' dir='ltr'>iterum</span> <span class='ocrx_word' id='word_1_196' title='bbox 2788 3804 2862 3847; x_wconf 83' lang='lat' dir='ltr'>ac</span> 
     </span>
     <span class='ocr_line' id='line_1_29' title="bbox 627 3896 2055 3993; baseline 0 -30"><span class='ocrx_word' id='word_1_197' title='bbox 627 3896 884 3981; x_wconf 84' lang='lat' dir='ltr'>saepius</span> <span class='ocrx_word' id='word_1_198' title='bbox 932 3896 1132 3961; x_wconf 87' lang='lat' dir='ltr'>moliti</span> <span class='ocrx_word' id='word_1_199' title='bbox 1179 3904 1345 3981; x_wconf 86' lang='lat' dir='ltr'>sunt,</span> <span class='ocrx_word' id='word_1_200' title='bbox 1395 3896 1741 3980; x_wconf 83' lang='lat' dir='ltr'>designare</span> <span class='ocrx_word' id='word_1_201' title='bbox 1785 3896 2055 3993; x_wconf 83' lang='lat' dir='ltr'>videtur.</span> 
     </span>
    </p>

    <p class='ocr_par' dir='ltr' id='par_1_12' title="bbox 628 4012 2863 4213">
     <span class='ocr_line' id='line_1_30' title="bbox 805 4012 2863 4098; baseline 0.001 -21"><span class='ocrx_word' id='word_1_202' title='bbox 805 4013 1017 4096; x_wconf 88' lang='lat' dir='ltr'>Atque</span> <span class='ocrx_word' id='word_1_203' title='bbox 1065 4032 1146 4077; x_wconf 87' lang='lat' dir='ltr'>ex</span> <span class='ocrx_word' id='word_1_204' title='bbox 1204 4012 1385 4078; x_wconf 92' lang='lat' dir='ltr'>initio</span> <span class='ocrx_word' id='word_1_205' title='bbox 1434 4013 1771 4097; x_wconf 82' lang='lat' dir='ltr'>prooemii,</span> <span class='ocrx_word' id='word_1_206' title='bbox 1834 4012 1942 4078; x_wconf 89' lang='lat' dir='ltr'>ubi</span> <span class='ocrx_word' id='word_1_207' title='bbox 2004 4020 2224 4079; x_wconf 82' lang='lat' dir='ltr'>orator·</span> <span class='ocrx_word' id='word_1_208' title='bbox 2263 4013 2416 4098; x_wconf 85' lang='lat' dir='ltr'>sibi,</span> <span class='ocrx_word' id='word_1_209' title='bbox 2480 4016 2863 4097; x_wconf 86' lang='lat' dir='ltr'>quamquam</span> 
     </span>
     <span class='ocr_line' id='line_1_31' title="bbox 628 4127 2863 4213; baseline 0.001 -20"><span class='ocrx_word' id='word_1_210' title='bbox 628 4129 898 4213; x_wconf 88' lang='lat' dir='ltr'>primum</span> <span class='ocrx_word' id='word_1_211' title='bbox 945 4127 1120 4213; x_wconf 91' lang='lat' dir='ltr'>apud</span> <span class='ocrx_word' id='word_1_212' title='bbox 1165 4130 1470 4213; x_wconf 81' lang='lat' dir='ltr'>populum</span> <span class='ocrx_word' id='word_1_213' title='bbox 1517 4129 1947 4213; x_wconf 86' lang='lat' dir='ltr'>contionetur,</span> <span class='ocrx_word' id='word_1_214' title='bbox 2005 4129 2068 4193; x_wconf 90' lang='lat' dir='ltr'>in</span> <span class='ocrx_word' id='word_1_215' title='bbox 2118 4128 2239 4195; x_wconf 90' lang='lat' dir='ltr'>hac</span> <span class='ocrx_word' id='word_1_216' title='bbox 2288 4150 2482 4195; x_wconf 85' lang='lat' dir='ltr'>causa</span> <span class='ocrx_word' id='word_1_217' title='bbox 2527 4130 2863 4213; x_wconf 85' lang='lat' dir='ltr'>ignoscen-</span> 
     </span>
    </p>
   </div>
   <div class='ocr_carea' id='block_1_4' title="bbox 627 4257 1053 4263">
    <p class='ocr_par' dir='ltr' id='par_1_13' title="bbox 627 4257 1053 4263">
     <span class='ocr_line' id='line_1_32' title="bbox 627 4257 1053 4263; baseline 0 0"><span class='ocrx_word' id='word_1_218' title='bbox 627 4257 1053 4263; x_wconf 95' lang='lat' dir='ltr'> </span> 
     </span>
    </p>
   </div>
   <div class='ocr_carea' id='block_1_5' title="bbox 633 4314 2871 4562">
    <p class='ocr_par' dir='ltr' id='par_1_14' title="bbox 633 4314 2871 4562">
     <span class='ocr_line' id='line_1_33' title="bbox 815 4314 2833 4383; baseline 0.002 -17"><span class='ocrx_word' id='word_1_219' title='bbox 815 4318 866 4379; x_wconf 88' lang='lat'>1)</span> <span class='ocrx_word' id='word_1_220' title='bbox 911 4314 1066 4368; x_wconf 90' lang='lat' dir='ltr'>Dem.</span> <span class='ocrx_word' id='word_1_221' title='bbox 1108 4331 1182 4368; x_wconf 89' lang='lat' dir='ltr'>or.</span> <span class='ocrx_word' id='word_1_222' title='bbox 1222 4314 1348 4369; x_wconf 83' lang='grc'><strong>(1.1.</strong></span> <span class='ocrx_word' id='word_1_223' title='bbox 1389 4314 1496 4368; x_wconf 84' lang='lat' dir='ltr'>Rh.</span> <span class='ocrx_word' id='word_1_224' title='bbox 1542 4318 1655 4379; x_wconf 81' lang='grc'><strong>191,</strong></span> <span class='ocrx_word' id='word_1_225' title='bbox 1702 4319 1794 4381; x_wconf 87' lang='grc'>14;</span> <span class='ocrx_word' id='word_1_226' title='bbox 1838 4318 1955 4381; x_wconf 88' lang='lat'>194,</span> <span class='ocrx_word' id='word_1_227' title='bbox 2002 4318 2345 4383; x_wconf 87' lang='grc'><strong>12;196,1.</strong></span> <span class='ocrx_word' id='word_1_228' title='bbox 2418 4315 2575 4369; x_wconf 90' lang='lat' dir='ltr'>Diod.</span> <span class='ocrx_word' id='word_1_229' title='bbox 2622 4322 2702 4379; x_wconf 81' lang='lat'>15,</span> <span class='ocrx_word' id='word_1_230' title='bbox 2742 4321 2833 4371; x_wconf 78' lang='lat'>95.</span> 
     </span>
     <span class='ocr_line' id='line_1_34' title="bbox 809 4403 2871 4472; baseline 0.002 -17.077"><span class='ocrx_word' id='word_1_231' title='bbox 809 4405 864 4470; x_wconf 85' lang='lat'>2)</span> <span class='ocrx_word' id='word_1_232' title='bbox 909 4403 1059 4456; x_wconf 89' lang='lat' dir='ltr'>Dem.</span> <span class='ocrx_word' id='word_1_233' title='bbox 1102 4420 1176 4457; x_wconf 86' lang='lat' dir='ltr'>or.</span> <span class='ocrx_word' id='word_1_234' title='bbox 1217 4404 1266 4457; x_wconf 92' lang='lat' dir='ltr'>d.</span> <span class='ocrx_word' id='word_1_235' title='bbox 1305 4403 1342 4457; x_wconf 90' lang='lat'>1.</span> <span class='ocrx_word' id='word_1_236' title='bbox 1381 4403 1483 4456; x_wconf 86' lang='lat' dir='ltr'>Rh.</span> <span class='ocrx_word' id='word_1_237' title='bbox 1534 4406 1647 4469; x_wconf 87' lang='lat'>191,</span> <span class='ocrx_word' id='word_1_238' title='bbox 1692 4408 1789 4472; x_wconf 80' lang='lat'>14;</span> <span class='ocrx_word' id='word_1_239' title='bbox 1843 4407 1958 4468; x_wconf 80' lang='lat'>194,</span> <span class='ocrx_word' id='word_1_240' title='bbox 2000 4408 2271 4469; x_wconf 59' lang='lat'>26319&amp;</span> <span class='ocrx_word' id='word_1_241' title='bbox 2315 4408 2409 4471; x_wconf 87' lang='grc'><strong>18;</strong></span> <span class='ocrx_word' id='word_1_242' title='bbox 2458 4421 2534 4459; x_wconf 88' lang='lat' dir='ltr'>or.</span> <span class='ocrx_word' id='word_1_243' title='bbox 2580 4420 2625 4457; x_wconf 86' lang='lat' dir='ltr'>c.</span> <span class='ocrx_word' id='word_1_244' title='bbox 2664 4404 2871 4459; x_wconf 87' lang='lat' dir='ltr'>Timoc.</span> 
     </span>
     <span class='ocr_line' id='line_1_35' title="bbox 633 4491 1910 4562; baseline -0.001 -16"><span class='ocrx_word' id='word_1_245' title='bbox 633 4496 752 4557; x_wconf 82' lang='lat'>703,</span> <span class='ocrx_word' id='word_1_246' title='bbox 792 4496 862 4547; x_wconf 88' lang='grc'>20</span> <span class='ocrx_word' id='word_1_247' title='bbox 899 4496 954 4545; x_wconf 89' lang='lat' dir='ltr'>et</span> <span class='ocrx_word' id='word_1_248' title='bbox 990 4492 1156 4545; x_wconf 85' lang='lat' dir='ltr'>schol.</span> <span class='ocrx_word' id='word_1_249' title='bbox 1197 4491 1296 4545; x_wconf 88' lang='lat' dir='ltr'>AR</span> <span class='ocrx_word' id='word_1_250' title='bbox 1331 4493 1598 4562; x_wconf 89' lang='lat' dir='ltr'>principio</span> <span class='ocrx_word' id='word_1_251' title='bbox 1637 4493 1910 4547; x_wconf 81' lang='lat' dir='ltr'>orationis,</span> 
     </span>
    </p>
   </div>
  </div>
 </body>
</html>
