3052 5217
1075 887 1792 969 Prooemium
1848 888 2035 969 XL
2061 890 2356 971 VIII.

774 1021 973 1103 1455,
1043 1017 1148 1106 11]
1221 1007 1352 1084 οὔδ’
1416 1017 1472 1085 εἰ
1533 1014 1609 1085 τὸ
1676 1013 2003 1108 δεύτερον,
2074 1005 2271 1097 αὖθις
2343 1061 2423 1070 --
2494 1023 2578 1087 ad
2639 1021 2694 1088 εἰ
2758 1018 2843 1088 τὸ

592 1127 883 1221 δεύτερον
941 1134 1451 1201 subaudiendum
1508 1145 1607 1202 est
1669 1133 1985 1224 ἐποίησαν
2050 1124 2092 1201 ἃ
2152 1127 2330 1218 ὑμεῖς
2396 1131 2842 1223 προσετάξατε

592 1259 656 1316 et
703 1250 786 1315 ad
834 1237 1029 1328 αὖθις
1075 1252 1272 1316 verba
1317 1242 1484 1338 ἡμᾶς
1534 1242 1613 1317 ἂν
1658 1248 1784 1317 ἔδει
1832 1250 2054 1337 λέγειν.
2107 1291 2189 1298 —-

775 1369 964 1451 1455,
1019 1365 1123 1454 15]
1193 1354 1383 1455 ,,ἆρχὴ
1437 1358 1639 1456 ἄνδρα
1685 1364 2009 1433 ὄείκνυσι“
2074 1407 2152 1414 --
2215 1367 2314 1434 his
2362 1366 2573 1433 verbis
2620 1377 2845 1436 orator

593 1482 916 1566 signifieat
950 1484 1156 1549 locum
1191 1482 1531 1567 Sophoclis
1564 1483 1913 1566 (Antigone
1950 1487 2250 1550 175-17
2261 1486 2344 1568 7),
2381 1482 2490 1547 ubi
2524 1484 2837 1568 legimus:

886 1586 1237 1686 ’ἀμήχανον
1283 1600 1355 1666 δὲ
1402 1594 1648 1677 παντὸς
1696 1586 1924 1684 ἀνδρὸς
1970 1599 2283 1682 ἐκμαθεῖν

916 1706 1124 1802 ψυχήν
1170 1738 1240 1780 τε
1286 1714 1395 1780 καὶ
1436 1707 1735 1804 φρόνημα
1781 1715 1890 1781 καὶ
1938 1706 2226 1803 γνώμην,
2276 1713 2433 1801 πρὶν
2478 1706 2555 1780 ἂν

913 1817 1135 1913 ἀρχαῖς
1180 1853 1249 1895 τε
1300 1829 1411 1896 καὶ
1459 1823 1753 1913 νόμοισιν
1798 1825 2090 1918 ἐντριβὴς
2136 1833 2329 1918 φανῇ.
2367 1866 2369 1869 v

596 1945 673 2009 Hi
723 1955 787 2012 et
836 1946 1031 2012 ceteri
1077 1968 1302 2013 versus
1350 1947 1706 2030 Antigones
1755 1967 1956 2031 usque
2004 1946 2089 2012 ad
2142 1949 2268 2013 190
2317 1946 2594 2013 citantur
2640 1946 2840 2014 etiam

592 2061 657 2134 in
705 2083 791 2128 or.
841 2061 921 2127 de
968 2061 1109 2128 fals.
1159 2063 1281 2146 leg.
1330 2066 1479 2147 418,
1530 2066 1609 2128 21
1663 2101 1745 2109 -
1794 2064 1942 2147 419,
1994 2066 2051 2136 8.
2102 2101 2185 2110 -—

776 2180 966 2262 1455,
1017 2178 1124 2265 22]
1171 2169 1332 2266 ὑπὲρ
1381 2166 1467 2243 ὧν
1516 2217 1598 2225 —
1647 2169 1809 2265 ὑπὲρ
1858 2201 1906 2244 c.
1942 2199 2085 2262 gen.
2119 2200 2246 2244 non
2279 2172 2465 2264 ultra,¹
2514 2187 2583 2245 ut
2626 2179 2795 2244 Wol

593 2293 758 2359 sius
806 2292 1122 2379 opinatur,
1173 2294 1289 2361 sed
1337 2296 1417 2360 ob
1466 2295 1603 2360 sive
1652 2302 1927 2379 propter.
1977 2335 2059 2342 --

710 2528 714 2533 ,
1140 2437 1856 2521 Prooemium
1914 2441 2298 2520 XLIX.

765 2574 968 2657 1456,
1019 2570 1079 2659 7]
1144 2569 1225 2636 δι’
1275 2563 1443 2658 ὥραν
1487 2561 1729 2659 ἡμέρας
1788 2611 1871 2618 -
1937 2578 2005 2638 ut
2051 2579 2303 2657 tempus
2352 2569 2840 2637 contradicendi

598 2709 722 2752 non
771 2688 981 2752 fuerit.
1078 2687 1587 2753 SchaeferuS.
1639 2725 1720 2734 -—-

781 2805 968 2886 1456,
1008 2800 1112 2889 17]
1177 2796 1297 2889 τὴν
1345 2790 1673 2889 ἀειλογίαν
1719 2801 2250 2890 προτεινομένους
2299 2842 2382 2850 -
2431 2801 2515 2866 ad
2554 2802 2840 2869 rationes

599 2918 962 2985 reddendas
1010 2927 1320 3003 perpetuo
1369 2940 1436 2985 se
1486 2929 1781 3003 paratum
1828 2919 2133 3004 profiteri.
2227 2919 2608 2984 Wolfius'.
2643 2958 2743 3006 ‚—

784 3038 968 3115 1456,
1021 3035 1124 3122 17]
1175 3037 1250 3102 ef.
1301 3057 1386 3101 or.
1437 3036 1516 3101 de
1566 3037 1878 3119 fals,‚leg.
1928 3038 2077 3120 341,
2130 3038 2209 3100 13
2259 3056 2396 3118 sqq.
2448 3074 2529 3081 —

1276 3178 1993 3262 Prooemium
2050 3182 2167 3261 L.
2324 3244 2330 3249 .

779 3324 967 3405 1457,
1020 3321 1217 3410 6-8]
1271 3323 1346 3386 es.
1397 3342 1483 3387 or.
1535 3320 1617 3386 de
1666 3322 1849 3387 class.
1901 3323 2046 3405 180,
2096 3325 2136 3388 9
2184 3341 2322 3404 sqq.
2375 3359 2457 3367 -—-
2548 3394 2552 3396 λ

782 3441 970 3520 1457,
1025 3437 1128 3523 17]
1190 3430 1372 3513 ὅπως
1417 3432 1501 3524 μὴ
1555 3431 1639 3502 τὰ
1695 3427 1737 3525 ἢ
1782 3430 1865 3501 τὰ
1920 3427 2281 3525 γενήσεται,
2339 3424 2478 3501 ἀλλ’
2528 3428 2710 3511 ὅπως
2757 3429 2844 3499 τὰ

601 3584 682 3591 ——
734 3553 800 3609 ut
848 3566 970 3609 non
1022 3545 1181 3610 haec
1228 3552 1339 3610 aut
1376 3544 1488 3609 illa
1520 3544 1764 3628 fierent,
1814 3543 1932 3610 sed
1979 3553 2048 3610 ut
2085 3544 2281 3629 haee,⁴
2313 3544 2378 3609 id
2427 3551 2543 3627 est,
2592 3542 2844 3627 aliquid

600 3658 857 3717 certum.
912 3688 991 3697 —-

1245 3756 1962 3841 Prooemium
2017 3759 2203 3840 LI.

782 3893 971 3975 1458,
1021 3892 1084 3978 2]
1146 3886 1422 3980 φανερὸν
1466 3882 1866 3963 καθιστάναι
1914 3928 1996 3937 ——-
2043 3890 2207 3956 haec
2253 3890 2450 3955 verba
2505 3898 2654 3955 sunt
2701 3890 2843 3955 Sine

601 4007 795 4073 dubio
858 4017 1187 4092 corrupta3
1262 4028 1383 4092 ego
1443 4006 1735 4090 suspicor
1798 4026 1936 4072 eum
1997 4006 2509 4073 Schaefero:
2572 4004 2845 4095 φανεροὶ

600 4115 1018 4189 καθεστάναι.
1069 4162 1150 4171 -

1208 4230 1927 4332 Prooemium
1984 4232 2234 4312 LII.

780 4364 1173 4429 Blassius
1223 4365 1290 4448 (Ι.
1341 4365 1380 4428 l.
1428 4384 1488 4447 p.
1539 4366 1687 4447 282,
1736 4371 1951 4430 annot.
1988 4360 2057 4449 2)
2104 4360 2228 4429 hoe
2273 4360 2666 4446 prooemium
2700 4382 2842 4427 oum

603 4480 930 4565 superiore
978 4482 1113 4547 vult
1146 4500 1524 4565 connexum,
1563 4479 1628 4544 id
1661 4478 1833 4565 quod
1865 4477 2162 4563 equidem
2195 4498 2323 4543 non
2354 4477 2716 4562 eompr0b0.
2756 4515 2815 4524 —-
