3052 5217
52 1114 53 1117 η
159 1059 328 1124 modo
378 1057 613 1119 alteros
663 1057 886 1130 erigat.
936 1081 1019 1089 ——

324 1182 515 1261 1448,
565 1174 625 1261 8]
687 1161 806 1236 κᾶν
854 1170 1044 1232 τοῦτο
1095 1155 1256 1248 πρὸς
1303 1146 1478 1226 ’ὑμῶν
1524 1143 1649 1240 ἤδη
1698 1143 1983 1232 γίγνοιτο
2046 1174 2125 1184 -
2178 1108 2381 1199 ⁴etiam

52 1327 53 1335 ¹
163 1301 264 1364 hoe
311 1319 351 1361 a
398 1292 582 1360 vobis
630 1288 837 1370 fuerit,
885 1282 954 1348 id
1001 1289 1117 1363 est,
1168 1271 1480 1361 profuerit
1526 1265 1728 1332 vobis.
1820 1253 2195 1324 Wolfius.
2247 1285 2328 1295 —

777 1453 1490 1547 Prooemiwm
1550 1445 1767 1525 XL.

334 1637 526 1714 1448,
592 1628 686 1714 10]
735 1621 884 1710 περὶ
922 1607 995 1708 ἧς
1033 1611 1222 1682 οἴσθε
1260 1602 1511 1683 πόλεως
1567 1641 1647 1650 --
1700 1598 1785 1664 ad
1822 1585 2074 1666 πόλεως
2115 1580 2393 1651 subaudi

168 1746 578 1836 συμμαχίδοςε
645 1763 770 1808 non
827 1736 1016 1803 modo
1082 1732 1162 1796 de
1222 1750 1300 1794 ea
1348 1724 1607 1791 civitate
1666 1715 1843 1782 socia
1890 1704 2043 1774 mihi
2088 1696 2394 1769 videmini

170 1870 538 1947 deliberare,
588 1861 667 1925 de
715 1877 841 1940 qua
888 1850 1150 1938 putatis,
1199 1843 1316 1910 sed
1364 1841 1444 1904 de
1493 1833 1804 1902 omnibus.
1858 1863 1937 1872 -—

343 1992 545 2073 1448,
610 1984 717 2070 23]
795 1973 937 2055 τοὺς
999 1965 1207 2039 αὑτῶν
1254 1959 1536 2038 κόλακας
1601 1997 1681 2005 -
1745 1944 1954 2018 αὑτῶν
2011 1938 2399 2013 constructio

175 2104 328 2175 κατὰ
377 2098 644 2172 σύνεσιν.
696 2137 777 2144 —-

181 2478 265 2532 est
315 2484 463 2530 eum
510 2445 929 2542 ἇναγκαίουςε
983 2463 1189 2527 neque
1238 2439 1405 2506 enim
1439 2429 1826 2499 iuimteiores
1859 2440 2065 2503 neque
2098 2434 2258 2500 quos
2290 2409 2409 2474 ini-

184 2584 379 2649 micos
423 2582 672 2644 vestros
722 2589 863 2637 esse
911 2563 1119 2647 magis
1167 2574 1430 2624 neeesse
1477 2550 1562 2617 sit
1609 2545 1707 2611 his
1758 2535 2109 2625 reperietis.
2168 2568 2237 2576 —-
2403 2548 2406 2551 ’

773 2710 1486 2831 Prooemium
1544 2724 1829 2808 XLI.

369 2920 557 2998 1440,
605 2916 645 2977 9
744 2906 848 2993 11]
897 2905 973 2969 ef.
1023 2922 1111 2966 or.
1161 2891 1421 2979 Olynth.
1470 2887 1581 2952 III.
1632 2884 1735 2966 30,
1787 2882 1825 2944 9
1876 2895 2013 2958 sqq.
2066 2908 2145 2917 -

371 3037 561 3115 1449,
613 3020 894 3107 14—16]
947 3019 1023 3084 cf.
1073 3036 1159 3080 or.
1209 3012 1289 3076 de
1338 3007 1553 3072 Chers.
1609 3000 1755 3080 109,
1809 2996 1889 3057 12
1937 3010 2077 3072 sqq.
2127 3023 2208 3031 -

375 3150 564 3230 1449,
615 3136 900 3223 26—28]
950 3134 1028 3201 ef.
1079 3152 1166 3197 or.
1216 3121 1475 3210 Olynth.
1525 3120 1573 3183 I.
1625 3117 1726 3197 12,
1773 3112 1815 3177 5
1864 3126 2003 3191 sqq.
2056 3140 2137 3149 —

377 3266 567 3346 1450,
618 3252 818 3342 4-5]
871 3254 948 3319 ef.
999 3269 1102 3314 or.
1139 3242 1282 3309 Phil
1348 3239 1452 3304 IV.
1507 3236 1653 3315 141,
1704 3232 1743 3295 3
1791 3246 1928 3308 sqq.
1982 3258 2063 3267 —-

756 3420 1470 3517 Prooemium
1530 3406 1881 3492 XLII.

386 3602 576 3684 1450,
623 3589 868 3679 9—11]
921 3588 997 3653 ef.
1046 3606 1132 3650 or.
1179 3578 1341 3645 Phil.
1392 3575 1502 3640 III.
1555 3570 1701 3652 125,
1749 3568 1789 3632 2
1835 3580 1975 3645 sqq.
2028 3594 2107 3603 -—

387 3727 588 3807 1450,
652 3716 758 3804 20]
828 3702 965 3778 ἀλλ’
1026 3695 1068 3773 ἃ
1129 3698 1280 3779 τοὺς
1341 3696 1479 3785 ἰδίᾳ
1544 3685 2002 3776 περιμένοντας
2064 3668 2443 3765 ἀβελτέρους

210 3843 495 3932 νομίζετε
555 3875 636 3885 —-
699 3823 740 3899 ἃ
788 3828 1025 3917 pendet
1083 3845 1125 3887 a
1184 3812 1679 3905 περιμένονταςε
1748 3801 1862 3870 sed
1923 3818 2088 3883 quae
2148 3789 2445 3878 privatim

210 3964 658 4048 exspectantes
705 3949 934 4017 stultos
982 3937 1240 4026 putatis.
1290 3971 1371 3979 -—

397 4077 587 4155 1450,
637 4064 746 4155 22]
797 4050 1126 4132 παθόντες
1174 4045 1538 4116 αἰσθέσθαι
1589 4076 1668 4086 -·-
1719 4029 1992 4102 subaudi
2040 4019 2222 4092 ὥστε.
2272 4060 2354 4068 —-

737 4230 1453 4327 Prooemium
1511 4214 1930 4301 XLIII.

407 4414 598 4494 1450,
647 4403 758 4492 28]
816 4394 964 4475 τοὺς
1011 4392 1081 4460 δὲ
1129 4384 1407 4477 πλησίον
1453 4372 1645 4455 ὄντας
1692 4358 2169 4459 ἁμαρτημάτων
2223 4397 2299 4407 -—
2349 4376 2460 4424 eos
