3052 5217
156 1147 440 1211 tetianae
489 1146 750 1229 absunt,
818 1145 971 1210 mihi
1036 1146 1400 1211 Schaefe
1423 1167 1589 1211 rum
1654 1154 1873 1212 secuto
1933 1146 2211 1212 delenda
2255 1168 2399 1213 esse

155 1263 475 1326 videntur.
528 1301 606 1307 ——

340 1382 532 1460 1459,
583 1377 688 1462 20]
762 1378 838 1441 cf.
899 1399 986 1441 or.
1055 1376 1313 1462 Olynth.
1364 1379 1473 1442 Ill.
1528 1381 1640 1461 36,
1705 1381 1817 1462 193
1889 1399 1975 1443 or.
2042 1377 2121 1443 de
2183 1378 2400 1444 Chers

162 1497 304 1577 106,
362 1497 439 1574 6;
506 1514 594 1558 σι·.
644 1492 800 1556 ΡΙιίΙ.
849 1494 952 1558 IV.
1011 1497 1163 1577 149,
1220 1496 1335 1578 173
1400 1516 1486 1559 or.
1538 1493 1618 1558 de
1667 1516 1790 1558 cor.
1841 1496 1999 1577 271,
2056 1497 2119 1576 13
2184 1516 2270 1559 σι’.
2320 1494 2402 1559 de

160 1609 432 1674 ,li-istoc.
485 1611 632 1689 690,
685 1611 760 1690 63
823 1630 910 1674 or.
960 1607 1040 1674 de
1091 1609 1333 1675 Timoc.
1385 1612 1533 1693 739,
1586 1611 1705 1692 20,
1771 1631 1858 1675 or.
1910 1618 2129 1675 contra
2179 1611 2400 1675 Eubul.

163 1728 356 1806 1313,
407 1728 468 1790 8.
519 1763 600 1770 --

344 1843 534 1923 1460,
591 1839 784 1928 1--4]
837 1841 915 1906 cf.
967 1862 1052 1905 or.
1105 1839 1362 1925 Olynth.
1416 1841 1544 1944 111.
1576 1842 1680 1924 37,
1730 1844 1815 1904 24
1862 1860 2000 1924 sqq.
2056 1879 2133 1886 -—-

756 2018 1473 2101 Prooemium
1531 2022 1807 2102 LIV.

341 2170 441 2234 De
490 2169 610 2236 hoc
655 2171 980 2255 prooemio
1029 2170 1178 2236 vide
1226 2192 1420 2256 supra
1468 2192 1525 2256 p.
1582 2175 1680 2236 19.

349 2296 536 2377 1460,
592 2293 698 2382 15]
751 2297 829 2360 cf.
879 2316 965 2360 or.
1015 2294 1095 2360 de
1144 2296 1286 2360 fals.
1336 2296 1458 2378 leg.
1511 2297 1660 2378 372,
1712 2298 1772 2361 2.
1823 2332 1903 2340 -

791 2453 1504 2536 Prooemium
1565 2458 1652 2536 L
1680 2456 1771 2536 V.

349 2611 538 2691 1460,
589 2603 698 2693 21]
749 2593 1089 2693 εὗιτιχῆσαι
1137 2646 1218 2653 ·—
1268 2629 1383 2692 pro
1431 2593 1768 2693 ευτιχῆσαι
1815 2604 2085 2689 legimus
2135 2604 2195 2670 in
2244 2628 2403 2671 mar-

165 2724 313 2805 gine
349 2723 730 2788 Lutetianae
777 2711 1106 2809 ἀτυχῆσαι,
1156 2744 1320 2807 quae
1368 2722 1558 2789 lectio
1606 2743 1648 2786 a
1687 2722 1897 2787 verbis
1951 2724 2138 2805 1460,
2188 2725 2275 2788 23
2324 2761 2400 2768 —-

171 2842 373 2919 1461,
429 2842 470 2902 4
517 2839 834 2904 abhorret.
928 2841 1155 2923 Itaque
1203 2825 1541 2925 εἷτυχῆσαι
1605 2845 1810 2903 recte:
1874 2837 1938 2901 in
2001 2858 2127 2902 una
2174 2859 2240 2903 re
2290 2839 2405 2922 (ci-

169 2955 462 3038 vitatem)
512 2955 828 3021 infelicem
877 2955 1078 3021 fuisse
1127 2964 1298 3040 put0,
1349 2961 1419 3020 ut
1467 2975 1608 3018 eam
1656 2952 2023 3036 deficerent,
2074 2955 2181 3036 qui
2230 2976 2264 3019 e
2311 2975 2404 3018 re-

172 3070 428 3152 publica
491 3072 819 3157 percipere
883 3072 1236 3136 niterentur
1296 3070 1653 3136 utilitatem.
1761 3070 1926 3133 Nam
1997 3069 2195 3134 verba
2263 3068 2408 3134 gm-

171 3182 419 3250 λείπειν
475 3174 676 3273 αὐτὴν
738 3212 795 3251 κ.
855 3211 910 3251 τ.
969 3188 1024 3250 λ.
1097 3186 1513 3271 epexegetice
1583 3184 1796 3269 posita
1863 3193 2011 3251 sunt
2080 3193 2142 3249 et
2204 3163 2404 3268 expli-

174 3309 318 3366 cant
366 3297 452 3366 ἓν.
512 3340 592 3348 --

56 3502 57 3509 ¹
357 3420 557 3502 1460,
619 3418 729 3506 23]
792 3411 1002 3506 ἵραμα
1047 3420 1238 3483 τοῦτο
1285 3416 1576 3484 ἐποιεῖτο
1637 3407 1670 3482 ὃ
1714 3416 1917 3505 δῆμος
1964 3406 2158 3481 αὑτοῦ
2211 3410 2410 3481 καλὸν

56 3520 59 3596 J*
179 3570 256 3578 -——
317 3524 528 3619 ὅραμα
575 3544 639 3600 et
686 3525 884 3599 αὑτοῦ
932 3546 1133 3615 recte,
1198 3555 1321 3599 non
1369 3526 1609 3621 εὕρημα
1672 3553 1881 3615 neque
1927 3527 2133 3619 ἑαυτῷ
2189 3541 2299 3597 aut
2345 3531 2410 3597 ἐν

56 3662 57 3667 ’
179 3636 406 3735 zai-up,
455 3662 525 3715 ut
571 3652 859 3716 Wolfio
907 3659 971 3716 et
1016 3650 1370 3717 Reiskio
1418 3649 1705 3733 videtur3
1769 3648 1916 3715 vide
1965 3670 2160 3732 supra
2215 3670 2273 3733 p.
2331 3651 2409 3712 19

176 3787 310 3848 sqq.
361 3804 444 3811 ·—

359 3886 546 3966 1460,
596 3883 707 3972 25]
769 3885 837 3948 οἵ
881 3907 950 3948 τε
996 3878 1114 3969 γὰρ
1160 3887 1434 3964 συνεχεῖς
1481 3882 1619 3946 οἵδε
1674 3919 1756 3927 --
1816 3881 1953 3945 οἵδε
1999 3879 2412 3963 intellegendi

178 4009 323 4065 sunt
370 3996 432 4065 οἱ
481 3995 561 4064 τὰ
609 3994 794 4066 κοινὰ
840 4002 1260 4087 καρποῦσθαι
1308 3990 1716 4084 βουλόμενοι,
1776 3997 1841 4062 id
1891 4006 2021 4081 est,
2087 3993 2148 4061 oi,
2197 3988 2413 4061 ἄδικοι

179 4116 286 4181 καὶ
333 4116 639 4204 πονηροὶ,
706 4126 774 4182 ut
821 4117 1198 4182 scholiastes
1264 4114 1522 4198 quidam
1570 4113 1949 4179 Lutetianae
1999 4121 2168 4179 reete
2214 4133 2410 4179 anno-

181 4233 370 4317 tavit,
435 4255 560 4299 non
617 4233 801 4319 probi
859 4241 922 4298 et
975 4232 1180 4316 frugi,
1245 4239 1313 4297 ut
1376 4230 1737 4296 Schaefe
1759 4251 1894 4297 rus
1964 4228 2220 4313 quidem
2276 4229 2410 4314 opi-

180 4359 402 4435 natur,
463 4349 528 4414 id
590 4349 760 4433 quod
823 4349 977 4413 mihi
1033 4348 1231 4413 verba
1291 4349 1360 4413 οἵ
1419 4371 1487 4412 τε
1544 4345 1805 4434 χρηστοὶ
1865 4355 1928 4413 et
1983 4345 2414 4431 παραζειγνυ-

176 4466 384 4551 μένων
431 4492 486 4531 κ.
536 4489 591 4531 τ.
643 4468 698 4531 λ.
750 4465 1115 4551 respicienti
1163 4463 1507 4531 absurdum
1558 4484 1699 4530 esse
1746 4463 2015 4531 videtur.
2065 4500 2147 4510 —-
