3052 5217
888 803 1113 883 Itaque
1159 799 1482 865 orationes
1543 799 1882 882 populares
1929 798 2270 863 maximam
2325 807 2570 882 partem
2620 820 2660 862 a
2711 793 2901 880 Dema}

710 914 934 984 sthene
981 917 1122 1000 ipso
1171 915 1378 981 editas
1426 936 1570 981 esse
1620 915 2005 980 contendere
2055 936 2177 980 non
2227 914 2467 980 dubito.

890 1050 1020 1116 Sed
1053 1050 1203 1116 illae
1236 1050 1403 1115 dnae
1447 1050 1787 1134 orationes,
1839 1071 2105 1133 quarum
2150 1051 2418 1116 alteram
2455 1050 2900 1134 Demosthene]

711 1170 996 1252 legatum
1020 1166 1106 1232 ad
1131 1167 1485 1233 Messenios
1510 1167 1793 1250 missum,
1828 1168 2094 1232 alteram
2121 1167 2202 1231 de
2236 1167 2655 1251 occupatione
2684 1169 2901 1231 Elateai

712 1285 1048 1351 certiorem
1081 1286 1320 1349 factum
1353 1283 1655 1349 habuisse
1694 1304 1775 1349 ex
1806 1283 2089 1348 secunda
2124 1283 2411 1348 oratione
2447 1283 2811 1367 Philippica
2853 1288 2901 1347 Ἡ

714 1405 800 1465 22
847 1408 912 1467 et
944 1400 1232 1466 oratione
1265 1398 1346 1464 de
1381 1421 1615 1466 corona
1646 1402 1797 1478 286,
1847 1403 1886 1466 8
1918 1408 2207 1483 apparet,
2258 1400 2339 1464 ab
2372 1400 2483 1464 illo
2516 1407 2771 1465 oratore
2807 1400 2901 1467 idt

714 1516 927 1583 editae
973 1538 1099 1582 non
1149 1537 1291 1582 esse
1337 1515 1663 1596 videntur,
1728 1515 1902 1598 quod
1963 1498 2210 1581 summa
2272 1535 2487 1581 earum
2536 1516 2663 1580 iam
2709 1516 2776 1579 in
2826 1518 2900 1580 ill

715 1632 1108 1699 orationibus
1157 1633 1349 1717 paulo
1398 1639 1545 1716 post
1592 1633 1962 1716 compositis
2010 1632 2093 1698 sit
2133 1632 2324 1698 dicta.
2403 1633 2569 1697 Nam
2603 1632 2900 1721 secunda}

716 1749 1067 1815 orationem
1135 1749 1562 1833 Philippicam
1634 1747 1856 1813 habuit
1924 1747 2392 1815 Demosthenes
2462 1747 2688 1815 eodem
2762 1772 2893 1813 ann

715 1887 840 1949 quo
888 1864 1059 1950 apud
1107 1865 1462 1932 Messenios
1511 1865 1913 1930 contionatus
1963 1872 2133 1949 erat,
2193 1873 2257 1930 et
2304 1865 2652 1931 orationem
2716 1864 2798 1930 de
2854 1843 2901 1929 el

716 2003 874 2048 rona
917 2003 1043 2047 non
1091 1981 1185 2046 ita
1230 1981 1425 2046 multo
1473 1987 1639 2065 post,
1689 2001 1881 2062 quam
1928 1982 2157 2047 Elatea
2206 1989 2394 2064 capta
2440 1981 2711 2060 dixerat,
2771 1947 2901 2064 pral

717 2097 990 2182 paravit,
1040 2097 1292 2165 etiamsi
1339 2118 1417 2162 ea
1451 2105 1593 2164 octo
1628 2097 1881 2162 demum
1914 2097 2099 2163 annis
2134 2105 2280 2183 post
2327 2097 2449 2162 hac
2496 2118 2693 2163 causa
2739 2100 2901 2176 mult}

717 2213 1202 2280 difficultatibus
1251 2213 1577 2280 obstructa
1623 2213 1845 2280 haberi
1895 2215 2120 2298 potuit.
2899 2230 2900 2325 l

896 2349 1193 2414 Ceterum
1242 2347 1408 2412 duae
1455 2349 1800 2432 orationes,
1851 2369 2008 2431 quas
2054 2350 2519 2415 Demosthenes
2567 2348 2740 2432 apud
2792 2351 2901 2413 Me

719 2464 933 2531 senios
982 2471 1046 2530 et
1077 2466 1309 2530 Elatea
1357 2472 1549 2548 capta
1595 2464 1661 2528 in
1711 2465 2007 2530 contione
2040 2465 2528 2531 Atheniensium
2575 2465 2757 2548 dixit,
2811 2472 2901 2531 nu

719 2581 925 2647 iustae
971 2588 1036 2645 et
1082 2581 1406 2666 perfectae
1455 2580 1713 2665 fuerint,
1763 2580 2003 2664 ambigi
2045 2588 2274 2666 potest.
2357 2582 2612 2649 Certum
2648 2589 2745 2648 est
2782 2582 2901 2651 illu

720 2696 1073 2763 orationem
1136 2697 1310 2781 apud
1355 2697 1784 2763 Athenienses
1847 2697 2130 2764 habitam
2194 2721 2318 2765 non
2382 2697 2609 2765 eadem
2669 2720 2823 2764 cura
2892 2718 2901 2820 l

719 2812 1082 2897 diligentia,
1152 2833 1279 2896 qua
1339 2813 1402 2877 in
1468 2813 1811 2880 exarandis
1876 2815 2103 2880 ceteris
2168 2815 2563 2881 orationibus
2626 2817 2900 2906 elabora,

721 2937 1170 3014 consueverat,
1243 2950 1630 3015 praeparare
1692 2929 1994 3014 potuisse.
2102 2932 2268 2996 Nam
2334 2952 2601 3015 vespere
2666 2933 2901 3006 Elatea

722 3053 974 3130 captam
1038 3066 1181 3111 esse
1243 3046 1535 3111 Athenas
1598 3046 1954 3112 nuntiatum
2016 3056 2155 3113 erat
2216 3056 2279 3113 et
2341 3050 2469 3113 iam
2531 3057 2788 3132 postero
2858 3048 2901 3114 (l

719 3162 924 3246 prima
971 3162 1111 3227 luce
1160 3163 1433 3247 populus
1482 3162 1543 3225 in
1589 3162 1844 3228 comitio
1879 3184 2278 3249 congressuS,
2328 3165 2438 3230 ubi
2471 3164 2901 3255 Demosthene

722 3298 862 3344 cum
920 3299 1107 3343 nemo
1164 3273 1228 3342 in
1275 3278 1723 3344 adhortatione
1773 3280 2110 3364 praeconis
2176 3281 2257 3346 ad
2306 3281 2645 3348 dicendum
2694 3282 2900 3365 surge}

722 3415 914 3460 ausus
947 3402 1136 3478 esset,
1185 3394 1351 3460 hanc
1383 3395 1737 3461 orationem
1768 3396 1991 3463 habuit
2020 3400 2086 3482 l).
2174 3399 2275 3463 vAc
2321 3397 2553 3465 missus
2600 3397 2686 3464 ad
2718 3399 2901 3463 Mess

723 3511 863 3577 nios
895 3511 1003 3576 ille
1036 3511 1242 3595 magis
1276 3532 1614 3595 personam
1652 3512 2016 3597 interpretis
2052 3534 2239 3597 quam
2274 3515 2547 3581 oratoris
2579 3497 2901 3583 sustinuisl

722 3626 889 3691 mihi·
921 3626 1192 3692 videtur.

900 3761 1080 3839 Quae
1117 3782 1254 3827 eum
1286 3761 1377 3827 ita
1407 3761 1552 3847 sint,
1601 3761 1863 3828 dubium
1896 3785 2021 3829 non
2054 3771 2170 3848 est,
2220 3764 2371 3848 quin
2422 3761 2901 3831 Callimachi*

724 3876 1066 3943 maximam
1111 3886 1359 3962 partem
1406 3878 1763 3945 orationum
1828 3880 2261 3964 popularium,
2322 3881 2561 3965 quippe
2620 3901 2784 3964 quae
2834 3860 2901 3948 ia

721 4016 763 4060 a
807 3992 1241 4059 Demosthene
1303 3994 1441 4060 sine
1503 3996 1635 4060 ulla
1697 3995 2095 4062 dubitatione
2144 3995 2355 4062 editae
2405 4006 2645 4081 essent,
2714 4018 2901 4070 novel

723 4118 786 4175 et
845 4110 908 4173 in
974 4109 1426 4177 bibliothecam
1495 4111 1851 4177 condiderit
1911 4112 2427 4179 Alexandrinam.
2536 4114 2700 4179 Nam
2764 4116 2901 4207 illul

724 4226 832 4309 qui
893 4247 1018 4292 non
1072 4226 1166 4291 ita
1218 4227 1435 4293 multis
1490 4228 1611 4293 fuit
1667 4228 1885 4313 annis,
1951 4205 2288 4312 postquam
2344 4229 2709 4314 eloquentia
2756 4221 2900 4299 Gra?

906 4425 956 4489 1)
995 4439 1068 4495 or.
1110 4422 1174 4475 de
1208 4439 1313 4476 cor.
1354 4427 1474 4487 284,
1515 4428 1584 4477 20
1622 4439 1738 4494 sqq.
