3052 5217
201 2340 416 2420 putas?
473 2379 556 2388 —-

360 2458 558 2542 1434,
631 2454 954 2544 22—24]
1050 2456 1488 2540 intellegenda
1565 2464 1665 2523 est
1744 2457 2095 2523 confutatio
2174 2445 2417 2524 ἀδίκων

202 2564 621 2660 ἐγκλημάτων,
686 2574 903 2657 qualia
969 2594 1134 2641 nune
1181 2572 1573 2640 Rhodiorum
1622 2574 1819 2659 legati
1878 2575 1942 2639 in
1988 2574 2414 2641 Athenienses

202 2684 511 2757 iaetarunt.
605 2690 1143 2757 Sohaeferus
1197 2728 1276 2738 —-

359 2808 548 2890 1434,
599 2806 885 2893 22—24]
933 2807 1319 2873 constructio
1368 2815 1467 2873 est
1514 2807 1703 2872 haec:
1752 2805 1819 2873 ἒν
1865 2805 1936 2871 δὲ
1982 2808 2076 2893 τῷ
2119 2801 2204 2895 μὴ
2256 2802 2417 2889 ἔχειν

200 2916 381 3005 λέγειν
425 2916 509 2986 τὰ
551 2918 776 2988 δίκαια
820 2912 985 3009 ὑπὲρ
1032 2913 1241 2988 αὑτῶν
1286 2911 1479 3001 ἀξίως
1510 2925 1641 2988 τῶν
1673 2912 2107 3009 ὑπαρχόντων,
2154 2913 2417 3009 εὑρήσο-

199 3058 297 3113 μεν
339 3031 413 3101 τὸ
458 3028 706 3117 ὄνειδος
753 3026 952 3127 αὐτῆς
997 3041 1112 3127 τῆς
1158 3030 1408 3127 γνώμης
1449 3040 1566 3126 τῆς
1613 3041 1741 3103 τῶν
1787 3041 1980 3103 τοῦτο
2028 3029 2412 3103 παθόντωνε

199 3170 358 3217 suam
407 3175 665 3221 causam
712 3155 942 3221 iustam
991 3176 1104 3240 pro
1153 3156 1466 3240 dignitate
1515 3156 1656 3222 eius
1688 3154 2034 3220 defendere
2068 3176 2191 3219 non
2227 3175 2414 3239 posse

200 3266 459 3337 dedecus
492 3271 734 3354 ingenii
767 3292 984 3338 eorum
1018 3293 1180 3356 esse,
1220 3272 1453 3355 quibus
1486 3270 1555 3335 id
1586 3270 1839 3354 accidit,
1874 3270 2286 3337 inveniemus,
2331 3310 2411 3317 —-

360 3389 548 3472 1435,
596 3387 661 3475 2]
712 3389 786 3456 ef.
836 3410 921 3455 or.
971 3387 1052 3455 de
1101 3388 1206 3454 lib.
1254 3387 1458 3454 Rhod.
1511 3391 1656 3471 191,
1705 3390 1764 3455 4.
1815 3425 1896 3435 —-

361 3504 550 3588 1435,
606 3504 709 3591 15]
759 3505 836 3570 of.
886 3498 975 3572 or.
1027 3504 1107 3570 de
1153 3504 1259 3570 lib.
1309 3504 1514 3570 Rhod.
1570 3507 1716 3588 195,
1768 3507 1821 3568 1.
1872 3541 1955 3549 —

360 3621 550 3706 1435,
600 3620 707 3708 20]
765 3620 842 3686 of.
891 3641 1170 3705 prooem.
1220 3621 1484 3686 XXVII.
1539 3622 1736 3704 1437,
1797 3622 1879 3686 27
1930 3628 1993 3685 et
2042 3639 2129 3684 or.
2178 3618 2258 3684 de
2308 3618 2412 3684 lib.

197 3730 381 3802 Rhod.
432 3738 577 3820 191,
626 3739 684 3803 9.
735 3775 817 3784 —-

364 3854 550 3936 1435,
584 3852 692 3938 20]
740 3843 1162 3938 διαβάλλουσι
1191 3846 1353 3939 πρὸς
1376 3841 1547 3939 ἡμᾶς
1580 3890 1662 3898 -
1689 3859 1859 3917 recte
1883 3851 2224 3917 Wolfius
2250 3844 2416 3937 πρὸς

197 3962 437 4053 delevit,
488 3989 629 4034 eum
676 3960 1102 4054 διαβάλλουσι
1151 3967 1288 4033 sine
1339 3968 1469 4033 ulla
1516 3967 1915 4033 dubitatione
1964 3968 2283 4051 pertineat
2330 3966 2411 4031 ad

196 4080 635 4151 Athenienses:
684 4084 796 4149 alii
844 4085 1105 4168 quidam
1153 4083 1526 4171 (optimates
1563 4083 1844 4168 Rhodii),
1895 4083 2003 4165 qui
2050 4103 2199 4150 suos
2243 4084 2413 4149 cives

195 4198 486 4267 servitute
535 4201 894 4286 opprimere
941 4202 1181 4285 volunt,
1230 4221 1348 4267 nos
1396 4200 1881 4268 calumniantur.
1935 4238 2013 4247 -—

753 4361 1466 4445 Prooemium
1524 4364 1733 4443 XX
1749 4364 1843 4444 V.

364 4505 550 4591 1435,
576 4504 686 4591 25]
733 4492 1001 4586 εὗτυχιός
1033 4505 1144 4572 καὶ
1177 4496 1390 4583 ὄλλως
1423 4544 1504 4552 -
1540 4495 1771 4590 bimam,
1797 4504 1865 4569 id
1890 4510 2007 4588 est,
2042 4489 2301 4655 {vvxffiss-
2330 4541 2409 4549 —-
