3052 5217
1695 1037 1775 1101 18

565 1237 797 1314 *nuam
845 1248 1153 1314 Boeotiae
1201 1255 1266 1315 et
1311 1249 1565 1315 Atticae
1611 1249 1945 1332 ingressus
1994 1257 2150 1334 erat,
2202 1270 2343 1315 cum
2384 1249 2860 1316 Demosthenes

606 1385 731 1430 non
793 1366 998 1430 solum
1055 1365 1388 1432 consilium
1446 1365 1756 1454 erationis
1822 1373 2041 1431 contra
2106 1353 2451 1432 Thebanos
2514 1365 2859 1432 habendae

606 1501 865 1565 prorsus
929 1479 1256 1565 deposuit,
1317 1480 1431 1546 sed
1491 1482 1684 1546 etiam
1755 1482 2047 1548 societati
2112 1503 2253 1548 cum
2309 1482 2419 1548 illo
2467 1482 2709 1566 populo
2761 1482 2856 1546 in-

604 1596 852 1664 eundae
901 1595 1369 1663 studiosissime
1417 1596 1599 1663 dedit
1652 1619 1927 1683 operam.

565 1811 567 1814 ⁴
783 1731 927 1796 Jam
976 1730 1145 1813 quod
1193 1731 1539 1798 Ra'nkius
1590 1731 1659 1817 (l.
1692 1733 1732 1797 l.
1767 1753 1825 1816 p.
1866 1736 1988 1797 117
2024 1731 2359 1818 Anmerk.)
2409 1732 2657 1798 notavit
2702 1753 2855 1816 pro-

608 1846 884 1912 oemium
931 1847 1023 1910 IX
1072 1847 1457 1930 specialibus
1505 1849 1698 1914 rebus
1747 1848 2073 1932 contineri,
2132 1869 2259 1914 non
2307 1848 2736 1933 generalibuS,
2788 1849 2857 1912 in

606 1961 877 2028 eandem
926 1984 1064 2028 cum
1115 1984 1191 2028 eo
1238 1964 1655 2048 sententiam,
1713 1964 1836 2030 nisi
1901 1963 2075 2049 quod
2122 1985 2200 2030 ex
2249 1965 2371 2048 eis,
2441 1986 2605 2047 quae
2654 1985 2859 2048 supra

606 2079 904 2163 diximus,
940 2078 1346 2164 significavit,
1379 2081 1675 2162 equidem
1710 2081 2044 2146 discedere
2084 2101 2350 2163 nequeo
2432 2081 2599 2146 Nam
2635 2089 2857 2146 cetera

605 2195 827 2280 omnia·
866 2195 959 2261 ita
1005 2203 1151 2261 sunt
1201 2197 1574 2280 composita,
1622 2204 1691 2262 ut
1732 2217 1811 2262 ex
1858 2197 2014 2263 locis
2051 2204 2342 2263 constent
2390 2197 2852 2263 communibus

782 2331 970 2395 Velut
1015 2330 1342 2415 prooemia
1388 2332 1453 2416 I,
1513 2331 1697 2414 XIV,
1761 2329 1915 2413 XV,
1980 2332 2137 2416 XX,
2198 2331 2423 2414 XXX,
2482 2331 2853 2414 XXXVIII,

604 2447 910 2530 XXXIX,
945 2447 1092 2510 XLI
1126 2447 1190 2510 in
1226 2446 1515 2512 omnibus
1551 2447 1945 2535 orationibus
1970 2446 2264 2513 adhiberi
2293 2453 2579 2531 possunt,
2614 2446 2855 2530 quibus

603 2561 1001 2648 respublicas
1048 2563 1214 2628 male
1261 2582 1330 2628 se
1379 2562 1617 2629 habere
1664 2563 1944 2632 docetur.

783 2699 876 2761 Ac
921 2697 1250 2782 prooemia
1295 2700 1386 2781 II,
1435 2698 1607 2781 XVI,
1656 2699 1874 2782 XXII,
1927 2700 2070 2783 XL,
2118 2699 2327 2782 XLII,
2388 2698 2597 2763 XLVI
2646 2696 2853 2763 conti-

605 2821 835 2879 nentur
880 2812 1038 2878 locis
1087 2813 1543 2897 communibUS,
1594 2814 1701 2896 qui
1751 2815 2072 2897 pertinent
2120 2813 2201 2879 ad
2250 2813 2480 2880 socios

623 3018 630 3024 ,
784 2949 854 3010 In
888 2947 1227 3031 prooemiis
1260 2947 1533 3013 XLVIII
1568 2954 1631 3013 et
1668 2948 1779 3013 LV
1815 2948 2027 3031 agitur
2074 2948 2156 3014 de
2186 2947 2690 3031 magistratibuS,
2740 2947 2856 3029 qui

606 3084 814 3146 neque
862 3062 1074 3129 officio
1123 3084 1239 3129 suo
1281 3064 1688 3128 satisfaciunt
1736 3072 1799 3129 et
1846 3085 1880 3129 e
1914 3064 2243 3147 republica
2274 3085 2465 3147 quam
2502 3062 2851 3128 maximam

603 3180 947 3246 utilitatem
995 3179 1326 3263 percipere
1377 3179 1787 3245 contendunt.

791 3312 1081 3396 Denique
1129 3314 1194 3377 in
1243 3312 1569 3397 prooemio
1603 3315 1745 3378 LIV
1781 3313 1905 3380 diis
1946 3314 2367 3398 pulcherrime
2401 3314 2653 3379 litatum
2701 3333 2854 3379 esse

607 3427 1096 3496 demonstratur.

780 3554 1054 3638 Reliqua
1099 3554 1427 3639 prooemia
1473 3564 1621 3619 sunt
1654 3554 1888 3619 ¹omnia
1934 3553 2275 3639 eiusmodi,
2324 3562 2393 3620 ut
2439 3554 2505 3619 in
2554 3554 2857 3619 omnibus

606 3670 1003 3736 orationibus
1035 3670 1449 3754 popularibus
1482 3670 1774 3754 usurpari
1806 3670 2069 3753 possint.
2116 3670 2282 3735 Nam
2314 3670 2381 3734 in
2415 3670 2514 3735 his
2547 3669 2855 3755 legimus,

604 3793 673 3850 ut
705 3785 920 3851 verbis
954 3785 1266 3851 Blassii
1300 3785 1336 3850 l.
1366 3788 1402 3850 l.
1437 3805 1495 3868 p.
1531 3788 1657 3851 283
1692 3793 1863 3851 utar:
1914 3785 2367 3871 „Mahnungen
2397 3807 2538 3851 zum
2571 3786 2859 3869 rubigen

604 3900 924 3986 Anhoren,
973 3900 1487 3983 Verheissungen
1536 3901 1692 3966 k‘urz
1740 3899 1871 3966 und
1912 3901 2193 3967 sachlich
2244 3923 2320 3967 zu
2368 3902 2584 3985 reden,
2636 3901 2857 3967 Tadel

603 4037 812 4100 gegen
862 4015 968 4081 die
1016 4016 1296 4081 anderen
1346 4016 1635 4101 Redner,
1699 4017 1803 4083 die
1852 4017 1988 4083 sich
2037 4018 2282 4083 zanken
2333 4016 2464 4083 und
2511 4017 2575 4081 in
2626 4019 2858 4083 leeren

603 4133 881 4199 schonen
933 4134 1193 4199 Worten
1251 4133 1386 4199 sich
1435 4133 1715 4216 ergehen
1776 4132 1906 4198 und
1957 4154 2087 4199 was
2138 4132 2251 4198 der
2296 4134 2415 4201 Art
2471 4132 2649 4198 mehr
2696 4134 2857 4199 ist“.

782 4267 1008 4349 Itaque
1065 4267 1237 4331 haud
1296 4268 1484 4333 facile
1550 4275 1649 4333 est
1709 4267 2036 4333 intellectu
2082 4288 2123 4332 a
2167 4267 2635 4351 Demosthene,
2701 4288 2855 4333 cum

603 4384 731 4447 iam
777 4381 841 4446 in
891 4383 1089 4448 solem
1139 4390 1332 4465 atque
1365 4385 1692 4468 pulverem
1729 4383 2167 4467 processisset,
2220 4391 2464 4449 tantum
2514 4403 2856 4449 numerum

603 4499 1070 4582 prooemiorum
1119 4499 1544 4565 communium
1594 4506 1655 4565 et
1702 4519 2012 4583 vagorum
2061 4519 2203 4565 esse
2247 4506 2597 4565 exaratum.
2676 4500 2852 4565 Nam

605 4614 797 4699 illum,
849 4616 949 4680 cui
997 4635 1072 4681 eo
1120 4622 1404 4698 tempore
1451 4615 1578 4682 iam
1626 4622 2043 4698 tempestates
2092 4636 2169 4680 ac
2211 4615 2531 4698 procellae
2576 4614 2656 4679 in>
2694 4636 2853 4681 con-

605 4730 855 4796 cionum
895 4729 1194 4797 fluctibus
1230 4730 1601 4797 subeundae
1652 4738 1851 4815 erant,
1900 4730 1965 4794 in
2012 4732 2246 4797 talibus
2282 4732 2471 4797 rebus
2505 4730 2858 4797 rhetoricis

603 4846 978 4912 elaborandi
1027 4854 1090 4913 et
1122 4846 1403 4914 studium
1452 4855 1516 4912 et
1548 4854 1799 4932 tempus
1834 4846 2151 4913 defecisse
2191 4845 2489 4929 equidem
2524 4847 2861 4913 existimo.
