3052 5217
1656 657 1742 717 54

759 872 948 946 1444,
1003 867 1108 955 15]
1159 860 1321 954 μήτε
1368 865 1574 951 πέρας
1618 865 1816 953 μηδὲν
1864 862 2025 947 ἔχειν
2076 905 2156 912 —-
2206 886 2319 949 pro
2354 860 2515 946 ἔχειν
2555 865 2617 928 in
2654 884 2821 928 mar-

578 986 726 1070 gine
775 986 1157 1051 Lutetianae
1205 984 1440 1067 legitur
1484 977 1628 1064 εἶχε,
1678 982 1850 1066 quod
1897 982 2053 1047 mihi
2100 981 2359 1064 quidem
2393 980 2629 1046 rectius
2675 1000 2824 1044 esse

578 1102 846 1167 videtur.
900 1140 979 1146 —-

764 1221 964 1300 1444,
1040 1214 1141 1302 16]
1225 1212 1586 1301 παρανοίας
1655 1215 1724 1280 θ’
1797 1206 1976 1298 ὑμεῖς
2044 1205 2579 1300 κατεγιγνώσκετε
2646 1203 2827 1294 ὑμῶν

579 1321 788 1396 αὐτῶν
854 1371 931 1378 ——
992 1332 1078 1397 ad
1127 1329 1489 1418 παρανοίας
1548 1331 1817 1396 subaudi
1876 1329 2059 1417 δίκην
2106 1331 2280 1395 velut
2338 1330 2402 1393 in
2464 1351 2549 1394 or.
2602 1335 2828 1394 contra

581 1448 847 1514 Aristoe.
900 1449 1046 1532 790,
1099 1451 1213 1513 19:
1264 1441 1365 1513 ὅτι
1414 1440 1808 1533 παρανομίαν
1856 1435 2051 1512 αἰτοῦ
2099 1443 2471 1532 κατέγνωτε.
2524 1484 2605 1491 -

766 1567 953 1648 1444,
1002 1561 1112 1649 20]
1162 1562 1677 1648 βεβουλευμένων
1727 1602 1808 1609 -
1860 1571 1957 1629 est
2002 1563 2257 1646 generis
2306 1561 2609 1627 neutrius,
2663 1599 2743 1606 —-

765 1683 954 1763 1444,
1005 1677 1293 1767 21-——23]
1347 1683 1423 1747 ef.
1471 1701 1559 1745 or.
1612 1679 1691 1744 de
1740 1700 1864 1745 cor.
1916 1683 2064 1762 291,
2119 1681 2200 1744 13
2248 1698 2385 1760 sqq.
2438 1716 2519 1723 —

1081 1856 1799 1941 Prooemium
1855 1859 2157 1939 XXX
2175 1859 2336 1939 VI.

766 2011 957 2093 1445,
1012 2008 1116 2097 18]
1180 2003 1359 2096 παρὰ
1405 2003 1480 2074 τὸ
1532 2058 1719 2075 .....
1773 1997 1888 2072 οὖκ
1935 2007 2183 2074 ἐθέλειν
2252 2048 2330 2054 -
2400 1994 2515 2071 οὐκ
2574 2004 2830 2072 ἐθέλειν

585 2147 663 2190 ae
710 2147 831 2191 non
882 2119 965 2212 μὴ
1019 2123 1306 2204 ἐθέλειν,
1354 2125 1526 2208 quod
1576 2146 1703 2190 una
1753 2114 2009 2191 notione
2058 2124 2351 2190 subiecta
2397 2123 2676 2207 positum
2725 2130 2831 2188 est

585 2263 698 2327 pro
746 2232 1153 2328 ἐξαρνεῖσθαι
1201 2241 1440 2325 pariter
1486 2250 1679 2324 atque
1730 2233 1802 2306 οἱζ
1850 2266 2037 2329 φημι.
2100 2280 2181 2287 -

769 2360 958 2441 1446,
1013 2357 1071 2444 1]
1135 2354 1547 2444 συμφέροντα
1595 2409 1786 2422 .....
1837 2345 2249 2444 ἀφεστηκότα
2314 2355 2628 2438 coniunge
2684 2374 2831 2419 cum

586 2465 796 2560 λόγον.
850 2512 930 2519 --

1045 2600 1761 2683 Prooemium
1821 2601 2121 2681 XXX
2137 2539 2368 2683 VII.

768 2752 866 2813 De
916 2749 1035 2815 hoe
1082 2751 1409 2834 prooemio
1457 2750 1609 2816 vide
1655 2771 1851 2834 supra
1896 2772 1955 2834 p.
2010 2755 2089 2815 16
2138 2771 2275 2833 sqq.

774 2868 970 2948 1446,
1033 2864 1139 2953 11]
1208 2859 1455 2953 πότερα
1513 2858 1803 2952 ἐγνωκώς
1861 2905 1941 2912 —-·
2004 2867 2380 2951 Mytilenaei
2436 2866 2563 2931 sint
2626 2863 2834 2947 digni,

591 2981 822 3064 quibus
848 2982 1140 3047 iniuriam
1169 2984 1380 3066 passis
1407 2982 1833 3048 Athenienses
1870 2983 2261 3068 opitulentur
2294 3003 2509 3048 necne.
2549 2979 2833 3047 Sohae-

591 3098 817 3164 feruS.
873 3136 948 3144 —

1017 3223 1733 3305 Prooemium
1789 3225 2406 3305 XXXVIII.

773 3377 962 3457 1446,
998 3373 1106 3460 28]
1158 3372 1227 3438 ἐκ
1270 3369 1571 3450 πλείονος
1613 3425 1799 3438 .....
1849 3373 1959 3439 καὶ
1988 3373 2439 3460 χαλεπωτέρου
2471 3364 2695 3453 σώζειν
2752 3412 2840 3420 —

594 3490 880 3573 pluribus
908 3488 1506 3571 difficilioribusque
1546 3490 1817 3573 negotiis
1846 3490 2169 3575 expedire.
2225 3492 2706 3557 SchaeferuS.
2747 3528 2842 3537 —-

777 3607 967 3689 1447,
1015 3607 1188 3668 4-5
1240 3612 1303 3669 et
1356 3609 1555 3689 1447,
1612 3605 1894 3694 10—12]
1969 3608 2045 3674 cf.
2105 3629 2380 3691 prooem.
2438 3607 2576 3671 XV.
2639 3609 2845 3692 1428,

593 3722 852 3787 20-23
915 3727 980 3785 et
1043 3742 1127 3785 or.
1178 3720 1434 3805 Olynth.
1494 3724 1520 3785 I
1607 3725 1719 3806 13,
1779 3726 1861 3788 29
1912 3744 2051 3806 sqq.
2110 3733 2174 3790 et
2242 3746 2327 3789 or.
2380 3722 2538 3787 Phil.
2595 3724 2673 3787 11.
2725 3725 2844 3808 74,

591 3841 633 3901 4
681 3856 818 3920 sqq.
870 3874 952 3881 ——-

1078 3963 1795 4044 Prooemium
1855 3966 2336 4047 XXXIX.

778 4114 966 4197 1447,
1001 4109 1111 4199 25]
1162 4108 1274 4177 καί
1320 4136 1384 4176 τι
1432 4106 1769 4196 δαιμόνιον
1801 4114 1972 4178 τοῦτ’
2006 4102 2311 4179 ἀπέκειτο
2362 4153 2442 4160 ——
2492 4111 2843 4183 divinitus-

595 4250 718 4311 que
770 4229 888 4293 hoe
937 4228 1324 4294 destinatum
1374 4238 1526 4294 erat.
1624 4229 2132 4295 SohaeferuS.
2186 4269 2267 4276 —-

779 4347 976 4428 1447,
1029 4344 1137 4433 27]
1203 4339 1286 4409 τὰ
1330 4343 1448 4427 μὲν
1494 4340 1611 4432 γὰρ
1660 4348 1774 4432 τῆς
1821 4337 2005 4433 τύχης
2053 4333 2259 4424 ὀξείας
2306 4343 2428 4428 ἔχει
2476 4341 2592 4424 τὰς
2637 4370 2852 4428 μετα-

594 4455 794 4547 βολὰς
842 4460 952 4525 καὶ
998 4455 1216 4539 κοινὰς
1263 4448 1659 4550 ἀμφοτέροις
1704 4456 1819 4539 τὰς
1867 4460 2227 4549 παρουσίας
2277 4503 2341 4509 ·—
2398 4485 2545 4528 nam
2577 4465 2854 4534 fortuna
