3052 5217
1676 581 1760 644 56

599 813 780 878 vero,
844 792 954 876 qui
1015 813 1214 878 prope
1277 801 1547 878 peccata
1603 801 1781 878 sunt,
1846 793 1910 857 id
1970 799 2096 876 est,
2156 792 2262 874 qui
2322 791 2865 858 animadvertunt

601 916 814 975 errata
859 930 994 976 sua.
1089 910 1463 976 Wolfius.
1518 949 1603 958 -·-

785 1027 975 1110 1451,
1024 1025 1087 1112 2]
1137 1025 1395 1108 παρέχει
1447 1065 1526 1074 -
1577 1026 1711 1092 scil.
1759 1021 1837 1090 τὸ
1885 1028 2097 1102 κακῶς
2130 1016 2457 1112 πράττειν.
2550 1026 2667 1092 Ille
2700 1025 2860 1109 ipse

602 1143 911 1207 malorum
959 1161 1185 1208 sensus
1233 1142 1480 1208 sobrios
1529 1150 1593 1208 et
1640 1141 2004 1208 moderatos
2052 1141 2227 1208 facit.
2308 1139 2659 1207 Wolfius.
2712 1177 2805 1186 —-—

609 1235 617 1244 ’
784 1260 984 1342 1451,
1050 1254 1114 1344 4]
1188 1245 1372 1323 οὐδὲν
1433 1253 1553 1344 γὰρ
1625 1249 1770 1324 οἵτε
1834 1254 2346 1346 φυλαττομένοις
2402 1249 2568 1321 οὕτω
2630 1250 2858 1322 δεινὸν

602 1365 752 1438 ὥστ’
787 1360 1160 1460 ἀφύλακτον
1208 1367 1390 1453 εἶναι,
1439 1365 1585 1439 oiim
1618 1361 2034 1460 ὀλιγωροῦσιν
2067 1361 2559 1460 ἀπροσδόκητον
2592 1376 2857 1438 παθεῖν

603 1509 811 1571 neque
859 1490 1025 1556 enim
1075 1490 1422 1573 quidquam
1489 1491 1862 1556 caventibus
1927 1498 2025 1556 est
2082 1488 2247 1556 adeo
2297 1487 2712 1572 horrendum,
2778 1496 2855 1553 ut

604 1605 762 1670 nibil
807 1605 1116 1690 praesidii
1163 1607 1264 1691 sit,
1313 1627 1519 1692 neque
1571 1607 1763 1672 ullum
1814 1607 2049 1672 malum
2095 1604 2491 1690 socordibu8‚
2539 1603 2716 1688 quod
2751 1603 2852 1670 eis

604 1721 1083 1806 inopinantibus
1130 1743 1258 1788 non
1306 1723 1577 1789 eveniat.
1629 1761 1710 1770 --

788 1841 976 1923 1451,
1027 1837 1227 1927 4-6]
1279 1841 1355 1905 ef.
1405 1860 1491 1904 or.
1544 1838 1703 1904 Phil.
1752 1840 1801 1904 1.
1849 1842 1954 1922 41,
2004 1841 2044 1902 2
2092 1858 2230 1922 sqq.
2282 1875 2366 1884 —-

787 1955 978 2038 1451,
1032 1953 1137 2042 10]
1192 1947 1409 2040 ὥσπερ
1456 1952 1596 2021 ἐστὶ
1646 1957 1977 2042 προσῆκον
2024 1945 2395 2042 φάσκοντας
2441 1977 2511 2040 γε
2554 1949 2850 2040 μηδένων

605 2057 1096 2136 ἀπολείπεσθαι
1141 2073 1233 2157 τῷ
1280 2075 1636 2159 σωφρονεῖν
1698 2109 1781 2118 -—
1844 2070 1930 2136 ad
1988 2068 2127 2136 ἐστὶ
2174 2071 2506 2156 προσῆκον
2566 2067 2845 2135 subaudi

605 2177 1059 2272 φυλάξασθαιι
1125 2195 1194 2252 ut
1256 2208 1366 2253 eos
1414 2186 1635 2272 decet,
1699 2187 1807 2270 qui
1869 2187 2088 2253 dieunt
2154 2186 2412 2269 quidem
2474 2207 2545 2253 se
2601 2185 2845 2252 nemini

605 2301 833 2368 cedere
880 2302 1210 2370 modestia.
1279 2341 1344 2349 --

1156 2463 1872 2545 Prooemium
1931 2466 2305 2547 XLIV.

788 2616 977 2699 1451,
1029 2612 1138 2702 23]
1205 2605 1430 2693 ἄλλοις
1484 2654 1562 2662 —-
1612 2625 1813 2701 recte,
1876 2637 2000 2683 non
2047 2605 2314 2695 ἄλλους,
2372 2622 2442 2680 ut
2486 2614 2836 2681 Reiskio

603 2726 873 2795 videtur.
923 2767 1006 2777 --

789 2848 978 2932 1451,
1013 2843 1121 2933 24]
1169 2841 1333 2930 μετὰ
1365 2840 1613 2913 τούτων
1661 2887 1742 2895 —
1792 2849 1858 2914 id
1891 2856 2007 2929 est,
2052 2844 2115 2914 οὶ
2147 2836 2353 2913 ταῦτὰ
2384 2839 2835 2934 γιγνώσκοντες

605 2957 768 3043 ἐμοὶ.
819 2999 902 3007 -
1627 2970 1632 2976 ’

789 3081 978 3163 1451,
1028 3077 1138 3166 24]
1204 3075 1354 3158 τοὺς
1400 3076 1653 3168 ἑτέρους
1716 3120 1785 3127 -—
1857 3081 1925 3145 id
1973 3089 2098 3165 est,
2150 3078 2211 3147 οἳ
2258 3067 2571 3146 τάναντία
2617 3072 2833 3166 γιγνώ-

605 3216 868 3273 σκοντες
914 3192 1078 3278 ἐμοί.
1128 3234 1210 3243 -

791 3315 981 3397 1452,
1031 3311 1093 3399 2]
1139 3310 1274 3395 μέτ’
1323 3308 1577 3398 ἐλέγχου
1628 3352 1709 3359 —
1761 3313 2273 3398 coniungendum
2306 3322 2406 3381 est
2438 3335 2578 3381 eum
2625 3308 2829 3379 ἔσεσθ’

605 3420 926 3516 ιἡρημένοι.
976 3466 1060 3474 --

1183 3554 1902 3637 Prooemium
1959 3558 2268 3638 XLV.

785 3697 884 3761 De
929 3695 1054 3761 hoe
1098 3696 1423 3779 prooemio
1472 3696 1621 3762 vide
1671 3717 1866 3781 supra
1914 3718 1972 3781 p.
2026 3700 2105 3763 17
2154 3718 2293 3781 sqq.

790 3813 979 3896 1452,
1035 3808 1139 3898 10]
1186 3806 1273 3898 μὴ
1323 3810 1785 3899 κεχωρισμένον
1830 3797 1869 3901 ᾗ
1916 3805 2108 3899 λόγον
2154 3811 2363 3879 εἰπεῖν
2408 3808 2475 3879 εὖ
2524 3811 2635 3879 καὶ
2680 3836 2825 3901 προ-

606 3924 876 3992 ελέσθαι
925 3918 1275 4014 πράγματα
1321 3926 1733 4017 συμφέροντα
1798 3968 1879 3976 -
1944 3951 2022 3995 ne
2070 3930 2248 3995 aliud
2294 3931 2379 3997 sit
2425 3930 2823 4015 probabiliter

607 4042 840 4126 dicere,
886 4042 1061 4107 aliud
1108 4044 1377 4108 consilia
1422 4044 1583 4109 inire
1632 4045 1957 4111 salutaria.
2053 4046 2560 4113 Sohaeferus.
2611 4084 2691 4092 ——

791 4162 978 4243 1452,
1017 4157 1123 4246 14]
1172 4160 1301 4223 τῶν
1346 4153 1464 4247 γὰρ
1511 4158 1901 4244 εἰθισμένων
1946 4164 2140 4227 τοῦτο
2186 4157 2262 4228 τὸ
2312 4164 2579 4250 πρᾶγμα
2628 4200 2703 4208 ——
2746 4162 2818 4227 ad

605 4272 995 4357 εἰθισμένων
1041 4274 1315 4340 subaudi
1361 4272 1594 4360 λέγειν;
1659 4298 1781 4343 non
1831 4298 2048 4343 eorum
2099 4287 2227 4363 est,
2292 4279 2401 4363 qui
2459 4278 2523 4343 in
2570 4276 2817 4343 dicendo

606 4399 754 4458 sunt
801 4390 1151 4457 exercitati.
1201 4428 1283 4437 —

3006 2493 3009 2592 s

3004 2734 3007 2829 1

3002 2960 3005 3067 l
