3052 5217
803 813 990 896 1460,
1039 810 1152 899 25]
1219 808 1825 900 πάροιζευγνυμένων
1874 850 1957 859 -
2006 819 2197 896 recte,
2248 833 2371 878 non
2423 810 2867 898 παραζευγνυ-
2973 841 3027 903 ῃ]

615 925 816 1011 μένοι,
865 936 935 993 ut
983 930 1338 1012 complures
1387 937 1667 995 censent.
1722 967 1803 975 —
2983 951 3026 1001 {a

800 1054 999 1136 1461,
1061 1051 1118 1139 1]
1187 1048 1414 1140 σφίσιν
1487 1092 1572 1100 --
1642 1053 1776 1118 scil.
1842 1055 1982 1130 τοῖς
2044 1046 2126 1116 τὰ
2189 1046 2374 1117 κοινὰ
2434 1053 2864 1139 καρποῦσθαι
2970 1056 3027 1120 li«

616 1165 1052 1255 βουλομένοις.
1103 1207 1213 1218 --<

799 1295 987 1377 1461,
1053 1292 1108 1380 1]
1171 1291 1239 1370 ἐξ
1276 1288 1558 1358 ἰδιωτῶν
1607 1331 1687 1340 -—
1737 1293 2060 1377 significat
2106 1291 2278 1358 idem
2326 1292 2497 1375 quod
2544 1270 2861 1374 πολιτῶν,

618 1428 839 1493 oppos.
889 1405 1100 1486 ξένων.
1151 1447 1234 1455 —-
2988 1401 3027 1464 ll

800 1535 988 1617 1461,
1039 1533 1101 1620 3]
1161 1532 1436 1616 ἐνοχλεῖν
1493 1532 1605 1599 καὶ
1661 1531 2128 1621 παραγγέλλειν
2191 1573 2273 1581 -
2337 1554 2407 1600 se
2454 1534 2863 1618 impudenter
2982 1543 2991 1573 ²

616 1648 908 1732 ingerere
957 1658 1021 1714 et
1066 1650 1308 1716 ambire
1355 1650 1681 1734 suffragia.
1776 1651 1994 1716 Wolf
2007 1651 2144 1716 ius.
2199 1689 2279 1697 —
2965 1655 3027 1697 >³¹15

800 1787 994 1868 1460,
1045 1785 1131 1849 25
1196 1823 1279 1830 —
1347 1786 1535 1867 1461,
1584 1783 1648 1870 4]
1742 1782 1863 1849 Hic
1908 1784 2085 1849 locus
2133 1783 2227 1849 ita
2279 1781 2648 1850 reddendus
2712 1804 2859 1850 esse
2991 1764 3027 1823 14

616 1899 769 1963 mihi
819 1899 1105 1966 videtur:
1154 1901 1318 1965 Nam
1369 1907 1432 1965 et
1480 1900 1586 1965 isti
1638 1898 1801 1986 (scil.
1846 1899 2029 1985 mali)
2079 1899 2298 1984 probis
2346 1907 2411 1965 et
2456 1899 2641 1966 iustis
2689 1921 2723 1965 c
2774 1900 2859 1966 ci-

613 2016 800 2080 vibus
848 2015 972 2081 sibi
1019 2015 1337 2082 adiunctis
1385 2015 1879 2082 verecundiores
1928 2035 1997 2080 se
2044 2017 2464 2100 praestabant
2512 2037 2719 2099 neque
2762 2016 2860 2081 illi

618 2132 804 2216 probi
849 2139 1167 2217 vestrum,
1231 2133 1338 2215 qui
1401 2132 1780 2215 magistratu
1846 2131 2025 2215 digni
2088 2141 2236 2197 sunt
2295 2141 2486 2215 atque
2534 2153 2605 2198 se
2653 2133 2855 2217 impu-

617 2247 840 2314 denter
896 2249 1185 2332 ingerere
1246 2256 1308 2314 et
1365 2248 1609 2313 ambire
1668 2248 1977 2332 suffragia
2035 2252 2294 2332 prorsus
2353 2255 2710 2332 nequeunt,
2775 2250 2858 2314 ab

617 2363 962 2431 honoribus
1012 2365 1501 2449 repellebantur.
1554 2403 1635 2410 —

628 2578 632 2581 ἢ
801 2500 988 2583 1461,
1041 2497 1102 2585 6]
1150 2491 1344 2585 ὅνπερ
1389 2493 1541 2575 τοὺς
1588 2493 1777 2585 ἱερεῖς
1827 2536 1905 2544 --
1956 2497 2024 2562 id
2070 2506 2169 2564 est
2200 2497 2424 2565 sortito
2462 2505 2656 2581 atque
2690 2496 2857 2563 adeo

616 2614 974 2698 promiscue
1023 2614 1273 2681 delectu
1322 2615 1628 2680 bonorum
1677 2623 1740 2681 et
1785 2616 2095 2681 malorum
2142 2636 2270 2681 non
2316 2614 2555 2680 habito.
2608 2652 2691 2661 —-

799 2750 997 2833 1461,
1050 2748 1288 2835 9—12]
1369 2748 1644 2815 Sensus:
1710 2750 1866 2814 Cum
1930 2748 2101 2814 omni
2163 2748 2377 2815 studio
2436 2748 2559 2814 hoc
2620 2747 2855 2832 agatis,

614 2871 710 2949 ut,
778 2864 833 2929 si
882 2865 1022 2947 quis
1069 2872 1286 2931 vestra
1331 2864 1416 2930 ad
1462 2885 1534 2932 se
1579 2864 1896 2950 vindicet,
1963 2886 2041 2929 ea
2101 2864 2192 2929 illi
2255 2864 2576 2950 eripiatis,
2640 2872 2855 2930 tamen

617 2979 876 3047 eosdem
941 3001 1193 3066 semper
1254 2982 1438 3065 fungi
1504 3002 1764 3047 munere
1824 2989 2255 3065 strategorum
2319 2980 2627 3065 patimini.
2734 2980 2853 3045 Mi-

615 3117 803 3163 nores
851 3098 1262 3181 magistratus
1310 3098 1724 3181 ulciscimini,
1786 3098 1841 3163 si
1905 3096 2059 3180 quid
2107 3098 2512 3181 peculantur‚
2578 3095 2855 3177 maiores

615 3213 1052 3296 maximosque
1145 3215 1226 3279 ab
1303 3214 1552 3280 aerario
1645 3222 1951 3297 quantum
2045 3215 2264 3279 volunt
2342 3211 2540 3277 furari
2622 3200 2851 3280 sinitis

616 3327 1149 3397 Schaeierus.
1199 3368 1281 3376 —

798 3457 986 3538 1461,
1043 3453 1146 3541 12]
1211 3453 1323 3519 καὶ
1368 3448 1443 3520 τὸ
1490 3454 1607 3538 μὲν
1652 3450 1801 3533 τοὺς
1848 3454 1961 3521 ἐπὶ
2016 3457 2145 3519 τῶν
2192 3444 2485 3541 πράξεων
2529 3442 2722 3529 ὄντας
2770 3489 2852 3497 —-

615 3569 891 3635 subaudi
937 3574 1314 3658 στρατηγεῖν
1374 3570 1513 3650 ἐᾶν,
1579 3591 1741 3653 quae
1797 3572 1995 3637 verba
2057 3571 2249 3637 etiarn
2310 3568 2392 3633 ad
2451 3562 2526 3633 τὸ
2586 3566 2657 3633 δὲ
2701 3562 2853 3644 τοὺς

614 3676 851 3763 ἄλλους
897 3694 1045 3752 sunt
1091 3686 1468 3771 supplenda.
1520 3725 1603 3734 -—
2150 3748 2156 3754 .

798 3814 986 3897 1461,
1043 3810 1144 3898 14]
1192 3811 1341 3878 vide
1388 3832 1583 3897 supra
1628 3834 1687 3897 p.
1737 3813 1824 3876 20
1870 3830 2008 3895 sqq.
2059 3850 2141 3859 --

798 3939 986 4020 1461,
1039 3935 1144 4025 17]
1207 3936 1318 4002 καὶ
1363 3927 1541 4021 ὑμῶν
1587 3923 1796 4001 αὐτῶν
1852 3974 1935 3983 —-
1993 3936 2231 4022 pendet
2276 3937 2358 4002 ab
2405 3934 2853 4003 subaudiendo

613 4047 822 4129 τινὰςε
873 4053 1065 4119 etiam
1113 4073 1193 4117 ex
1241 4053 1490 4121 civibus
1536 4052 1768 4119 vestris
1815 4060 1885 4118 ut
1932 4061 2139 4137 antea,
2192 4073 2316 4118 non
2364 4072 2445 4117 ex
2492 4052 2851 4135 peregrinis

613 4168 785 4234 solis,
847 4208 918 4215 —

800 4297 986 4376 1461,
1029 4291 1132 4379 18]
1183 4282 1260 4358 {iv
1291 4288 1410 4380 γὰρ
1442 4286 1660 4380 ὥσπερ
1708 4290 1764 4359 εἰ
1797 4286 1983 4379 ζυγὸν
2028 4290 2267 4381 ἱστῆτε,
2317 4283 2611 4381 πρόεισιν
2656 4280 2728 4371 ὃς
2774 4282 2851 4358 ἂν

614 4401 790 4488 ἄξιος
836 4396 874 4497 ξ
922 4410 1038 4475 τοῦ
1083 4402 1246 4493 μετὰ
1290 4411 1497 4475 ταῦτα
1545 4396 1736 4488 αὐτὸς
1794 4446 1877 4456 -
1934 4404 2099 4492 μετὰ
2144 4412 2349 4476 ταῦτα
2394 4410 2552 4475 mihi
2597 4407 2851 4476 videtur
