3052 5217
394 1108 576 1188 Quae
610 1130 751 1176 cum
784 1111 877 1175 ita
907 1110 1053 1192 sint,
1088 1110 1280 1174 facile
1314 1110 1777 1193 intellegemus,
1814 1110 2223 1191 quamobrem
2257 1130 2448 1175 unum

211 1227 309 1291 vel
362 1227 634 1291 alterum
683 1226 747 1290 in
796 1225 1140 1309 prooemiis
1174 1225 1361 1290 huius
1397 1225 1790 1290 collectionis
1824 1227 1908 1290 sit
1939 1226 2449 1310 vituperandum,

212 1341 384 1407 unde
432 1343 673 1407 factum
719 1349 836 1424 est,
886 1349 954 1406 ut
1003 1341 1432 1425 compluribus
1467 1341 1829 1406 criticorum
1858 1342 2033 1406 velut
2081 1342 2451 1424 Dobrae[o
2481 1409 2494 1413 ,

213 1457 639 1542 (Adversaria
663 1457 759 1523 ed.
787 1459 924 1523 Jac.
960 1458 1004 1522 S
1026 1458 1243 1523 chole
1263 1456 1497 1540 field,
1547 1464 1590 1522 t.
1630 1459 1674 1541 1,
1710 1478 1769 1540 p.
1800 1457 1959 1543 520)
1993 1465 2130 1522 tota
2163 1459 2452 1524 collectio

212 1575 635 1658 suppositicia
691 1594 833 1640 esse
892 1573 1234 1639 videretur.
1337 1575 1499 1638 Nam
1564 1594 1699 1638 cum
1762 1573 1875 1637 illa
1934 1594 1973 1636 a
2020 1573 2453 1639 Demosthene

212 1696 483 1754 exarata
528 1691 681 1774 sint,
744 1710 870 1772 quo
927 1698 1212 1773 tempore
1261 1689 1366 1754 hic
1412 1690 1606 1754 etiam
1654 1689 1961 1754 haerebat
2007 1689 2073 1753 in
2121 1690 2449 1772 tirociniiS‚

212 1805 367 1886 quid
417 1806 660 1890 mirum,
709 1806 767 1871 si
814 1806 878 1869 in
929 1806 1022 1871 eis
1071 1805 1386 1888 quaedam
1435 1814 1601 1889 sunt,
1652 1826 1818 1888 quae
1866 1805 2351 1889 reprehendas?

394 1923 468 1988 G.
502 1923 579 1986 H.
614 1921 1117 2005 Schaefe1·u5‚
1157 1922 1265 2004 qui
1300 1921 1547 2005 (appar.
1588 1923 1724 1987 crit.
1750 1923 1822 1987 T.
1854 1923 1922 1986 V.
1951 1942 2008 2005 p.
2039 1923 2163 1986 661
2193 1930 2256 1987 et
2286 1923 2444 2004 693)

211 2037 380 2104 hanc
429 2039 865 2104 collectionem
905 2038 1463 2103 Demosthenicam
1497 2059 1640 2103 esse
1678 2037 2039 2121 contendat,
2088 2039 2154 2101 in
2203 2038 2450 2103 duobus
2487 2016 2494 2025 Ἴ

211 2154 581 2238 prooemiis,
634 2156 772 2219 LlV
821 2163 885 2219 et
931 2155 1060 2238 LV,
1110 2153 1389 2220 offendit.

393 2270 674 2348 Quorum
722 2271 991 2335 alterum
1039 2278 1402 2354 suspectum
1450 2291 1593 2334 esse
1638 2271 1696 2335 ei
1729 2270 2000 2354 videtur,
2050 2269 2220 2353 quod
2251 2271 2316 2334 in
2350 2291 2445 2354 e0,

212 2394 279 2452 ut
326 2387 557 2470 opinor
603 2408 744 2452 cum
796 2387 1120 2451 Blassio
1170 2386 1238 2470 (l.
1272 2387 1310 2451 l.
1346 2407 1403 2470 p.
1439 2389 1567 2450 ‘286
1601 2386 1955 2471 Anmerk.)‚
2006 2388 2201 2452 semel
2253 2394 2447 2468 atque

210 2504 443 2570 iterum
488 2504 748 2569 nomina
792 2502 1114 2568 adiectiva
1161 2511 1307 2568 sunt
1355 2511 1748 2568 coacervata.

388 2622 569 2687 Haec
616 2619 842 2703 dictio,
900 2640 1285 2703 quamquam
1334 2621 1798 2685 Demosthenes
1845 2620 1909 2684 in
1959 2620 2187 2686 ceteris
2253 2620 2443 2685 orati—

211 2738 440 2803 onibus
493 2737 578 2801 ab
636 2716 726 2801 ca¹
775 2736 1023 2801 alienus
1086 2744 1214 2820 est,
1279 2742 1491 2800 tamen
1542 2756 1582 2799 a
1629 2735 2086 2801 consuetudine
2134 2737 2442 2802 sermonis

211 2852 444 2919 Graeci
492 2873 619 2917 non
667 2851 983 2917 abhorret.

395 2967 581 3035 Unde
615 2967 907 3052 efficitur,
959 2976 1183 3033 utnon
1217 2968 1318 3051 sit,
1364 2989 1472 3033 cur
1502 2968 1661 3033 illud
1713 2968 2105 3051 prooemium
2157 2970 2448 3054 supposi-

210 3085 430 3151 ticium
477 3105 621 3150 esse
669 3073 1122 3150 existimemus,
2154 3073 2160 3079 ’

390 3202 617 3283 Neque
665 3200 1056 3285 prooemium
1099 3202 1208 3265 LV
1256 3202 1350 3266 vir
1397 3201 1503 3265 ille
1554 3200 1961 3266 doctissimus
1997 3200 2449 3266 Demosthenis

210 3338 354 3384 esse
382 3318 723 3401 existimat,
756 3317 929 3400 quod
955 3318 1129 3382 color
1154 3317 1460 3381 orationis
1492 3317 1836 3383 abhorreat
1867 3338 1907 3382 a
1934 3317 2448 3383 DemosthenicO.

392 3434 767 3500 Blassius
801 3432 1060 3515 quidem
1095 3432 1138 3497 S
1161 3433 1615 3498 chaeferum
1648 3434 1709 3498 in
1745 3434 1989 3499 verbis:
2031 3427 2244 3520 ὅραμα
2276 3434 2448 3498 τοῦτ’

209 3549 502 3615 ἐποιεῖτο
561 3540 594 3614 ὃ
643 3550 845 3637 δῆμος
903 3538 1101 3613 αὑτοῦ
1163 3588 1240 3595 -
1297 3540 1506 3635 χώραν
1562 3537 1903 3615 ἀτέλεστον
1960 3545 2208 3632 ἔχουσιν
2264 3538 2448 3614 αὐτοὶ

206 3662 647 3747 τετελεσμένα
696 3664 1040 3732 offendisse
1088 3665 1450 3730 arbitratur.

391 3781 475 3846 At
523 3802 644 3864 ego
690 3781 756 3845 in
805 3780 905 3846 his
938 3781 1150 3846 verbis
1199 3780 1354 3845 nihil
1404 3781 1669 3847 absurdi
1714 3804 1855 3847 esse
1895 3783 2204 3848 existima
2285 3786 2451 3849 Nam

209 3890 425 3983 ὅραμα
469 3896 970 3979 intellegendum
1020 3905 1117 3962 est
1162 3897 1504 3980 passivum,
1555 3905 1624 3962 ut
1657 3897 1762 3963 hic
1794 3900 2004 3963 locus:
2052 3885 2190 3986 ἀλλ’
2242 3892 2452 3983 ὅραμα

208 4014 408 4077 τοῦτο
456 4011 746 4077 ἐποιεῖτο
796 4002 829 4077 ὃ
877 4013 1080 4099 δῆμος
1127 4003 1325 4077 αὑτοῦ
1380 4007 1579 4078 καλὸν
1628 4064 1641 4078 .
1670 4064 1684 4078 .
1715 4063 1728 4077 .
1758 4064 1771 4077 .
1822 4012 1932 4079 καὶ
1988 4013 2313 4091 λυσιτελὲς
2371 4018 2452 4103 τῇ

211 4119 426 4206 πόλει,
475 4127 780 4194 reddatur
827 4129 1086 4194 Latine:
1152 4131 1586 4211 spectaculum
1643 4129 1765 4195 hac
1829 4150 1894 4194 re
1942 4131 2214 4213 populus
2262 4152 2446 4213 prae-

212 4243 352 4308 buit
415 4244 514 4309 sui
572 4245 970 4328 praeclarum
1030 4252 1093 4309 et
1158 4245 1310 4310 utile
1374 4246 1795 4329 reipublicae;
1856 4248 2229 4311 vernacule:
2297 4249 2451 4311 aber

211 4358 502 4425 dadurch
565 4360 770 4445 (quod
826 4361 906 4445 ii,
967 4360 1076 4443 qui
1138 4361 1592 4445 rempublicam
1658 4363 2133 4446 gubernabant,
2192 4364 2450 4428 fuerunt

213 4475 604 4541 considerati
661 4485 855 4560 atque
916 4478 1099 4561 probi
1159 4477 1405 4561 civeS,
1472 4498 1634 4561 non,
1701 4486 1769 4545 ut
1831 4500 1911 4544 ex
1956 4478 2081 4601 hpc
2126 4479 2448 4563 prooemio

1946 4572 1985 4631 2
