3052 5217
1599 590 1687 655 48

708 802 895 884 1431,
946 799 1052 888 27]
1100 795 1156 865 εἰ
1202 797 1322 884 μὲν
1369 786 1479 866 οὖν
1525 826 1582 866 κ.
1616 825 1673 867 τ.
1708 802 1763 866 λ.
1815 840 1898 848 -
1945 801 2115 867 hune
2158 801 2365 867 locum
2400 809 2795 886 corruptum

523 938 664 984 esse
712 917 1061 982 Wolfius
1112 924 1176 982 et
1223 915 1336 982 alii
1383 917 1767 983 existimant.
1862 916 2021 982 Mihi
2054 917 2307 999 quidem
2358 917 2412 982 is
2460 917 2618 983 satis
2652 918 2793 983 bo-

523 1054 671 1098 nam
720 1032 1103 1098 sententiam
1137 1032 1374 1098 habere
1405 1032 1681 1114 videtur,
1730 1034 1786 1099 si
1817 1033 1910 1098 ita
1940 1034 2140 1118 legas,
2192 1040 2261 1098 ut
2301 1024 2783 1098 πυνθάνεσθαι

523 1199 712 1214 .....
761 1153 1035 1213 σκοπεῖν
1081 1198 1095 1212 .
1125 1198 1138 1212 .
1169 1199 1182 1213 .
1213 1199 1226 1213 .
1255 1199 1270 1212 .
1322 1139 1592 1229 πάσχειν
1638 1148 1963 1233 pendeant
2010 1169 2091 1214 ex
2136 1140 2473 1234 βούλεσθε.
2527 1187 2605 1196 —

709 1267 895 1347 1431,
947 1263 1056 1350 28]
1113 1261 1224 1329 καὶ
1271 1267 1545 1329 σκοπεῖν
1610 1303 1689 1312 --
1756 1273 1957 1350 reete,
2005 1286 2128 1330 non
2178 1263 2289 1329 καὶ
2335 1259 2421 1352 μὴ
2474 1268 2792 1344 σκοπεῖν,

525 1387 593 1445 ut
642 1380 955 1444 Wolfio
1017 1379 1302 1463 videtum
1366 1401 1512 1445 nam
1576 1379 1687 1445 καὶ
1742 1384 2014 1445 σκοπεῖν
2074 1382 2355 1465 explicat
2407 1382 2605 1446 verba
2665 1367 2791 1446 ἀεὶ

523 1483 730 1560 ταύτὰ
778 1485 1259 1561 πυνθάνεσθαι.
1311 1534 1392 1543 -

707 1613 895 1696 1432,
951 1611 1008 1697 1]
1059 1603 1329 1693 πάσχειν
1377 1650 1458 1660 —-
1509 1621 1703 1698 reete,
1752 1633 1878 1678 non
1926 1604 2234 1700 φάσκειν,
2295 1621 2365 1678 ut
2409 1613 2789 1679 Wolfius

525 1729 839 1813 opinatur.
892 1764 971 1774 --
1147 1799 1150 1801 Α

707 1845 896 1934 1432,
949 1841 1007 1929 1]
1071 1833 1304 1929 οἷάπερ
1352 1843 1488 1909 νυνὶ
1538 1883 1619 1892 --
1672 1844 1767 1909 his
1810 1845 2024 1910 verbis
2069 1844 2329 1910 amissio
2380 1843 2783 1929 oppidorum

523 1959 957 2044 Amphipolis,
1027 1959 1330 2044 Pydnae,
1402 1959 1787 2046 Potidaeae,
1853 1961 2188 2027 Methones
2258 1960 2609 2044 significari
2670 1961 2783 2027 vi-

525 2077 726 2142 detur.
776 2114 859 2122 —

706 2193 896 2276 1432,
944 2189 1008 2278 2]
1056 2182 1223 2277 ὅπερ
1273 2230 1356 2238 -
1402 2193 1679 2258 subaudi
1726 2189 2171 2281 ἐψηφίσασθε.
2224 2231 2307 2240 --

713 2309 903 2391 1432,
955 2305 1150 2394 6-8]
1198 2306 1263 2372 ἐν
1303 2297 1767 2395 Ἑλλησπόντῳ
1816 2359 2003 2376 .....
2053 2307 2144 2388 εἰς
2175 2309 2571 2395 Μαραθῶνα
2616 2308 2787 2374 vide

525 2445 721 2508 supra
769 2445 828 2508 p.
881 2424 979 2490 15.
1031 2460 1114 2468 —
2005 2431 2027 2443 ''

717 2541 898 2623 1432,
955 2537 1234 2627 19—22]
1283 2540 1364 2604 ef.
1414 2561 1502 2604 or.
1553 2539 1713 2606 Phil.
1762 2542 1810 2605 Ι.
1859 2545 1963 2626 53,
2013 2543 2100 2607 24
2146 2562 2283 2625 sqq.
2334 2580 2417 2588 -

711 2657 900 2746 1432,
948 2654 1059 2742 22]
1107 2656 1184 2721 ef.
1233 2677 1320 2722 or.
1371 2656 1630 2741 Olynth.
1682 2658 1725 2723 Ι.
1781 2660 1879 2742 13,
1930 2661 2033 2724 27.
2085 2698 2168 2705 -

708 2774 898 2856 1432,
947 2751 1181 2857 24101:
1230 2792 1318 2837 or.
1367 2772 1539 2841 Phil.
1580 2774 1625 2841 Ι.
1672 2775 1777 2857 44,
1826 2775 1886 2838 4.
1938 2812 2021 2821 --

709 2889 898 2972 1432,
949 2886 1234 2974 25-31]
1284 2890 1360 2955 ef.
1410 2910 1687 2973 prooem.
1723 2890 1859 2957 V11.
1902 2892 2087 2975 1423,
2144 2892 2221 2955 16
2270 2898 2335 2956 et
2380 2911 2469 2955 or.
2519 2888 2679 2957 Phil.
2720 2891 2780 2956 l.

524 3007 631 3089 44,
679 3006 723 3069 4
769 3023 906 3087 sqq.
957 3042 1040 3051 ·—-
2633 3010 2639 3012 ’

1079 3165 1796 3263 Prooemium
1852 3169 2210 3249 XXII.

709 3327 898 3408 1433,
937 3323 1040 3410 10]
1089 3320 1354 3401 ἐκείνοις
1387 3374 1598 3405 ......
1639 3324 1705 3391 ἐν
1736 3324 1809 3391 δὲ
1837 3329 1976 3403 τοῖς
2006 3318 2331 3403 τοιούτοις
2364 3364 2447 3373 -
2480 3326 2649 3392 refer
2680 3326 2785 3391 ad.

527 3439 677 3529 περὶ
707 3441 838 3504 τῶν
869 3436 1054 3506 ἰδίων
1095 3489 1302 3519 ......
1348 3430 1512 3528 ὑπὲρ
1558 3442 1688 3506 τῶν
1719 3443 2134 3524 συμμαχικῶν
2165 3432 2207 3529 ἢ
2238 3444 2364 3507 τῶν
2394 3443 2643 3507 κοινῶν.
2680 3479 2780 3489 -—

709 3566 899 3648 1433,
954 3562 1056 3650 12]
1119 3561 1210 3641 εἰς
1258 3551 1378 3660 οὓς,
1411 3555 1489 3630 ἂν
1532 3558 1742 3653 ἥκωσι
1810 3604 1881 3614 —-
1938 3566 2024 3631 ad
2071 3588 2229 3649 quos
2278 3588 2393 3633 eae
2440 3544 2779 3654 (πράξεις)

526 3681 832 3747 venerint.
938 3682 1064 3745 Res
1130 3680 1298 3746 enim
1367 3681 1430 3747 in
1501 3702 1717 3748 eorum
1789 3690 2107 3767 potestate
2172 3691 2353 3767 sunt,
2426 3702 2465 3747 a
2534 3682 2778 3765 quibus

527 3805 850 3881 geruntur.
898 3834 980 3843 —-

710 3923 911 4005 1433,
973 3920 1076 4007 12]
1145 3923 1262 4008 τῆς
1321 3921 1376 3987 δ’
1433 3912 1597 4010 ὑπὲρ
1660 3902 1908 3988 τούτων
1970 3914 2157 4010 δόξης
2228 3962 2310 3969 -
2381 3922 2621 4008 pendet
2683 3924 2778 3989 ab

525 4027 743 4124 κύριος
773 4032 984 4121 ἔσται-ε
1020 4058 1204 4103 nemo
1239 4045 1454 4104 tantus
1488 4046 1605 4123 est,
1639 4048 1709 4105 ut
1740 4038 2252 4125 existimationis,
2289 4060 2454 4123 quae
2479 4038 2779 4105 actiones

527 4154 832 4238 sequitur,
883 4153 967 4219 sit
1014 4153 1324 4219 dominus.
1377 4192 1460 4201 —-
2467 4143 2473 4146 ’

716 4279 911 4362 1433,
973 4277 1076 4364 14]
1155 4301 1303 4342 τινα
1375 4317 1456 4326 -
1530 4278 2040 4363 coniungendam
2122 4288 2222 4346 est
2286 4300 2426 4346 eum
2490 4268 2782 4348 ὃποίαντ

527 4395 1047 4477 qualemcunque.
1099 4432 1181 4441 «-
