3052 5217
181 876 259 942 de
306 877 719 961 Mytilenaeis
767 878 1120 943 orationem
1186 878 1423 944 habere
1482 879 1826 962 cogitabat.
1933 878 2062 946 Sed
2119 881 2417 966 quoniam

180 993 487 1076 oratione,
523 1014 712 1076 quam
745 993 827 1060 de
861 994 1156 1059 libertate
1191 993 1584 1060 Rhodiorum
1617 994 1947 1080 habuerat,
1999 997 2418 1062 Athenienses

180 1107 503 1175 adducere
566 1131 692 1175 non
752 1110 992 1193 potuit,
1060 1118 1131 1176 ut
1192 1109 1461 1177 Rhodiis
1524 1110 1815 1177 subsidia
1881 1113 2326 1178 submitterent
2345 1112 2417 1198 1),

182 1225 607 1306 cognitionem
657 1225 739 1291 de
787 1226 1082 1292 contione
1131 1247 1245 1311 pro
1293 1227 1701 1311 Mytilenaeis
1759 1226 2056 1293 habenda
2101 1228 2416 1294 abiecisse

181 1339 452 1407 videtur.

355 1467 458 1531 De
505 1467 832 1550 prooemio
878 1469 1055 1533 XLV
1101 1488 1231 1532 rem
1279 1467 1372 1532 ita
1418 1489 1487 1533 se
1538 1466 1774 1534 habere
1824 1468 2137 1535 existimo

355 1600 545 1664 Anno
617 1601 1066 1666 trecentesimo
1138 1600 1803 1685 undequadragesimo
1873 1603 1937 1666 in
2004 1624 2201 1668 verno
2267 1605 2417 1667 Am-

182 1714 596 1798 phictyonum
650 1717 918 1782 concilio
965 1717 1237 1801 Delphis
1301 1718 1519 1783 habito
1569 1721 1921 1784 Locrenses
1977 1718 2331 1802 Amphissii
2377 1739 2417 1782 a

183 1830 510 1897 Thebanis
557 1832 802 1898 incitati
838 1842 1244 1917 rogaverunt,
1295 1841 1363 1898 ut
1395 1834 1669 1918 populus
1710 1834 2193 1899 Atheniensium
2232 1835 2412 1917 quin-

187 1947 495 2030 quaginta
525 1949 785 2015 talentis
822 1951 1216 2033 multaretur,
1262 1950 1432 2032 quod
1465 1951 1526 2014 in
1556 1952 1792 2034 templo
1819 1971 2001 2034 nom,
2048 1951 2416 2034 priusquam

186 2062 627 2147 inauguratum
659 2074 847 2149 esset,
884 2073 1064 2131 scuta
1096 2086 1292 2131 aurea
1324 2065 1769 2149 suspendisset
1803 2067 1920 2131 hoc
1957 2067 2417 2150 epigrammate

185 2179 452 2263 scripto:
503 2168 884 2266 ,ΤἈθηναῖοι
933 2170 1067 2246 ἀπὸ
1119 2174 1373 2269 Ζηήόων
1420 2180 1526 2246 καὶ
1580 2180 1905 2269 &vatidicum
1960 2175 2062 2246 ὅτι
2108 2169 2419 2247 τάναντία

185 2299 315 2371 τοῖς
348 2289 659 2383 ’Ἑλλησιν
705 2289 1141 2383 ἐμάχοντοίιῖ).

353 2427 501 2506 Qua
547 2429 627 2496 de
674 2432 1009 2514 rogatione
1070 2431 1241 2497 docti
1296 2431 1727 2497 Athenienses
1784 2452 2002 2496 omnes
2060 2440 2241 2498 tanta
2297 2432 2416 2496 ira-

185 2545 413 2612 cundia
461 2547 910 2632 efferbuerunt,
961 2555 1030 2613 ut
1077 2547 1402 2613 Thebanis
1454 2549 1684 2613 bellum
1745 2548 1917 2614 illico
1974 2546 2256 2615 indicere
2303 2569 2412 2615 vo-

187 2663 427 2729 luerint.
507 2665 734 2749 Neque
768 2672 864 2730 est
898 2665 1178 2748 dubium,
1230 2665 1381 2747 quin
1416 2664 1842 2730 Athenienses
1876 2686 1989 2749 pro
2024 2664 2414 2748 implacabili

186 2778 343 2865 odio,
383 2801 511 2863 quo
538 2779 880 2846 Thebanos
912 2780 1041 2846 iam
1075 2779 1313 2845 dudum
1348 2775 1900 2864 persequebantur
1916 2783 1990 2867 3),
2040 2781 2256 2847 statim
2290 2781 2415 2845 illis

188 2895 409 2961 bellum
458 2896 701 2962 illaturi
747 2896 1011 2981 fuerint,
1068 2896 1193 2962 nisi
1240 2896 1575 2981 Philippus
1626 2918 1763 2961 cum
1814 2898 2099 2963 exercitu
2146 2918 2263 2962 suo
2310 2918 2410 2962 su-

186 3010 309 3075 bito
358 3012 698 3078 Graeciam
746 3012 1200 3098 intravisset4).

351 3148 582 3229 Itaque
644 3147 752 3212 illo
815 3154 1134 3231 tempore,
1195 3168 1322 3231 quo
1370 3146 1797 3213 Athenienses
1858 3146 1938 3213 de
2003 3146 2234 3212 iniuria
2291 3147 2413 3212 sibi

185 3260 357 3327 illata
420 3263 722 3328 certiores
784 3264 939 3328 facti
1002 3284 1141 3328 cum
1200 3263 1528 3329 Thebanis
1588 3263 1877 3347 protinus
1935 3264 2173 3328 bellare
2235 3265 2411 3328 volu-

185 3387 379 3463 crunt,
427 3378 896 3445 Demosthenes
935 3380 1287 3444 orationem
1337 3378 1669 3445 habiturus
1718 3380 1918 3445 fuisse
1965 3378 2237 3464 videtur,
2288 3401 2417 3462 qua

180 3492 316 3560 illos
366 3495 771 3579 admoneret,
822 3516 900 3560 ne
950 3503 1187 3560 temere
1235 3503 1533 3579 agerent,
1586 3495 1702 3561 sed
1749 3504 1881 3561 tum
1929 3496 2214 3581 demum,
2275 3517 2415 3562 cum

181 3611 330 3675 satis
380 3610 611 3676 armati
657 3632 734 3677 ac
781 3611 991 3695 parati
1025 3618 1258 3695 essent,
1306 3610 1683 3677 invaderent
1732 3611 1997 3678 hostem.
2096 3612 2297 3689 Quem
2330 3613 2416 3679 ad

180 3724 363 3792 finem
416 3735 731 3793 oratorem
777 3727 900 3792 hoc
947 3728 1335 3811 prooemium
1383 3727 1731 3811 perfecisse
1780 3729 2071 3794 arbitror.

353 3851 487 3918 Sed
533 3853 643 3919 vix
683 3852 1021 3937 Philippus
1070 3852 1362 3918 omnibus
1396 3852 1929 3937 necopinantibus
1962 3853 2272 3937 Elateam,
2324 3855 2411 3917 ia-

356 4049 407 4113 1)
454 4048 608 4101 Dem.
649 4048 714 4101 de
751 4064 879 4118 pace
920 4052 1003 4113 63,
1051 4052 1129 4102 17.

353 4138 408 4205 2)
454 4137 645 4192 Aesch.
686 4154 730 4191 c.
765 4136 1006 4208 Ctesiph.
1052 4141 1167 4203 116,
1208 4143 1256 4191 5.
1331 4136 1394 4190 1⁴¹.
1433 4136 1703 4189 Frankius
1729 4135 1792 4189 de
1829 4135 2059 4189 decretis
2096 4133 2416 4205 Amphicty-

179 4242 331 4279 onum
369 4243 422 4296 p.
463 4230 512 4281 7.

351 4317 406 4385 3)
453 4315 606 4369 Dem.
648 4332 722 4368 or.
765 4314 918 4382 Olyn.
958 4315 1002 4369 Ι.
1047 4318 1128 4380 16,
1167 4318 1263 4383 ‘20;
1303 4313 1405 4368 III.
1444 4316 1530 4380 30,
1571 4318 1665 4381 27;
1704 4312 1769 4365 de
1807 4328 1912 4365 cor.
1953 4315 2072 4376 230,-
2114 4316 2198 4367 27.
2264 4312 2412 4366 Plut.

181 4403 327 4459 Dem.
374 4410 455 4460 17.
529 4405 721 4459 Aesch.
763 4420 807 4458 e.
849 4402 1087 4474 Ctesiph.
1134 4407 1248 4469 116,
1289 4408 1373 4458 70.

353 4497 407 4562 4)
454 4494 608 4549 Dem.
648 4494 712 4548 de
751 4511 857 4547 cor.
900 4498 1021 4559 281,
1061 4497 1323 4558 26—284,
1367 4497 1448 4547 18.
2053 4566 2093 4629 2
