3052 5217
565 1014 650 1066 ..3
675 983 1136 1094 :.,exponam..
1117 1013 1136 1031 .
1165 1019 1211 1071 :
1243 1022 1262 1040 .
1317 984 1338 1065 ζ

713 1277 1140 1399 ‘quomodmo
1124 1315 1288 1381 haec
1337 1315 1629 1382 collectio
1679 1315 2146 1399 prooemiorum
2193 1315 2278 1382 sit
2326 1296 2483 1384 orta.

1858 641 1901 702 4

1723 731 2040 738 ——----——-

759 851 1128 919 recentioris
1176 851 1408 918 aetatis
1457 849 1871 936 contendunt,
1920 849 2075 936 quid
2111 871 2232 934 ego
2275 850 2565 936 sentiam,
2617 850 2741 917 hoc

866 1195 1049 1292 :jAb'i
1071 1156 1439 1309 {primiani
1416 1198 1701 1292 ‘quidem
1780 1198 2215 1284 quaerendum
2284 1220 2427 1266 esse
2497 1198 2656 1265 mihi
2732 1222 2772 1264 v

936 1433 1102 1497 Nam
1161 1431 1447 1497 nonnulli
1503 1433 1677 1498 velut
1743 1431 1960 1516 Spen
1977 1431 2254 1515 gellus
2318 1426 2689 1518 (Συναγωγή
2794 1432 2806 1443 “

762 1548 1186 1631 Stuttgartiae
1240 1550 1439 1634 1828,
1489 1569 1548 1632 p.
1603 1550 1755 1634 110)
1803 1554 1867 1615 et
1911 1548 2502 1631 Kiesslingius
2548 1547 2802 1630 (Allge'

759 1663 1310 1747 teratur-Zeitung
1341 1685 1396 1730 v.
1431 1665 1490 1730 J.
1530 1666 1722 1748 1832,
1767 1665 1875 1748 IV,
1911 1664 2441 1749 Erganzungsbl„
2491 1665 2765 1730 Hane-L

762 1801 820 1864 p.
868 1780 1027 1866 365)
1075 1787 1140 1846 et
1185 1779 1601 1846 Arnoldus
1661 1779 2148 1878 Schaeferus
2211 1780 2572 1866 (Demosth.
2629 1801 2687 1845 u.
2742 1647 2825 1887 j

760 1896 1028 1980 Leipzig
1065 1895 1374 1980 1856s58‚
1412 1897 1523 1962 111.
1562 1897 1653 1980 Β.,
1704 1896 1861 1962 Beil.
1912 1897 2018 1980 IV,
2067 1918 2128 1981 p.
2168 1899 2321 1982 129)
2368 1895 2529 1963 haec
2560 1910 2827 1984 prooem

759 2012 975 2078 multis
1024 2011 1420 2078 orationibus
1470 2019 1533 2077 et
1568 2011 2022 2079 Demosthenis
2063 2013 2432 2078 etaliorum
2479 2021 2828 2089 oratorumi

761 2148 979 2195 corum
1025 2127 1350 2212 exscripta
1396 2148 1538 2195 esse
1587 2127 1996 2194 contendunt.

940 2245 1038 2311 De
1085 2243 1208 2310 hac
1253 2265 1321 2311 re
1369 2243 1663 2327 equidem
1712 2246 1900 2329 longe
1948 2244 2136 2312 aliter
2182 2245 2406 2312 sentio,
2487 2244 2669 2324 Quae
2719 2245 2833 2333 sii

761 2359 1045 2445 haberet,
1092 2359 1451 2427 mirandum
1484 2368 1642 2444 erat,
1690 2359 1862 2444 quod
1898 2362 1959 2426 in
1994 2362 2460 2446 quinquaginta
2491 2381 2606 2428 sex
2637 2383 2833 2446 proce

761 2496 925 2559 quae
972 2497 1141 2542 nunc
1189 2484 1464 2561 exstant,
1515 2498 1639 2543 non
1689 2478 1833 2561 plus
1881 2497 2072 2560 quam
2120 2477 2401 2561 quinque
2450 2499 2531 2544 ex
2571 2486 2665 2545 tot
2698 2488 2835 2543 orat

761 2593 881 2660 bus
928 2593 1114 2659 nobis
1161 2593 1415 2661 traditis
1468 2615 1673 2677 eaque
1720 2615 1800 2659 ex
1847 2593 2296 2662 Demosthenis
2345 2602 2494 2662 sunt
2539 2594 2837 2680 descript:

945 2712 1024 2776 At
1070 2709 1209 2776 fieri
1255 2732 1381 2776 non
1430 2717 1664 2795 potest,
1716 2719 1784 2776 ut
1831 2719 2077 2795 partem
2117 2711 2341 2778 horum
2375 2713 2837 2797 prooemiorum

764 2825 1196 2911 Spengelio
1232 2827 1267 2892 1.
1304 2827 1341 2892 l.
1383 2826 1654 2911 videtur,
1704 2847 1785 2892 ex
1833 2828 2127 2894 multis
2176 2849 2342 2894 nunc
2374 2826 2729 2913 deperditis
2768 2831 2837 2892 D·

761 2940 1005 3008 sthenis
1039 2942 1432 3008 orationibus
1468 2942 1744 3010 conflata
1775 2963 1917 3010 esse
1952 2944 2348 3010 arbitremur.
2443 2945 2669 3028 Neque
2702 2946 2836 3010 enit

761 3058 1108 3125 verisimile
1128 3059 1306 3125 illum
1328 3068 1583 3144 praeter
1602 3080 1733 3143 eaS,
1751 3080 1916 3143 quae
1938 3067 2301 3145 supersunt,
2322 3061 2642 3127 orationes
2667 3062 2836 3144 scrip

762 3175 1062 3241 multas
1109 3174 1349 3259 alias,
1401 3196 1481 3240 ex
1530 3176 1759 3259 quibus
1808 3174 1968 3242 haec
2015 3176 2345 3260 prooemia
2390 3176 2555 3243 sumi
2604 3185 2830 3260 potuer

939 3291 1106 3356 Nam
1154 3289 1207 3355 si
1257 3291 1400 3373 quis
1451 3291 1889 3357 collectionem
1938 3292 2161 3357 horum
2208 3294 2675 3377 prooemiorum
2727 3295 2837 3375 leg·

763 3406 1178 3491 percurrerit,
1242 3404 1404 3472 haec
1452 3406 1788 3473 referenda
1839 3428 1981 3474 esse
2030 3407 2339 3475 concedet
2384 3407 2468 3474 ad
2518 3409 2836 3475 orationes

763 3523 1040 3606 pulareS.
1144 3521 1324 3599 Quae
1372 3544 1495 3588 non
1558 3524 1620 3587 in
1670 3523 1962 3588 omnibus
2027 3523 2216 3591 modo
2275 3523 2601 3592 codicibus
2649 3534 2836 3609 praet¹

762 3638 1191 3703 inscribuntur
1238 3634 1556 3725 προοίμια
1602 3631 2018 3727 ὁημηγορικά,
2068 3640 2185 3707 sed
2232 3641 2426 3707 etiam
2475 3640 2701 3708 eodem
2742 3664 2837 3706 noi

762 3762 1065 3820 notantur
1096 3754 1178 3819 ab
1226 3754 1286 3818 H
1300 3755 1859 3839 arpocratione
1908 3757 2092 3843 (Lex,
2127 3757 2190 3822 in
2230 3758 2293 3821 X
2326 3777 2413 3824 or.
2444 3758 2635 3824 Attic.
2668 3778 2715 3824 s.
2750 3780 2804 3823 v.

763 3877 827 3936 et
861 3857 1188 3956 ὀρρωδεῖν)
1240 3877 1303 3936 et
1352 3871 1671 3937 Polluce
1722 3871 1975 3957 (Onom.
2020 3873 2126 3957 VI,
2183 3875 2352 3959 143),
2402 3874 2522 3940 nisi
2555 3873 2724 3958 quod
2757 3874 2837 3938 hi‹

763 3986 934 4068 quod
981 3985 1152 4052 idem
1201 3986 1541 4071 significat,
1590 4008 1706 4071 pro
1756 3978 2156 4075 δημηγορικά
2202 3989 2423 4054 scribit
2468 3991 2837 4076 συμβουλειί

763 4100 945 4180 Quae
995 4122 1134 4167 cum
1183 4101 1274 4169 ita
1321 4102 1466 4186 sint,
1517 4123 1597 4167 ex
1644 4104 2062 4187 popularibus
2098 4103 2261 4171 haec
2301 4106 2631 4189 prooemia
2675 4127 2837 4172 exsci

764 4237 907 4283 esse
954 4218 1348 4284 orationibus
1401 4218 1852 4285 Demosthenis
1900 4227 1999 4286 est
2045 4218 2435 4305 putandum*

946 4334 1174 4400 Verum
1209 4335 1263 4399 si
1295 4334 1766 4401 Demosthenes
1812 4344 2069 4421 praeter
2116 4357 2228 4403 eas
2278 4337 2601 4404 orationes
2634 4339 2837 4422 popul:

764 4469 929 4533 quae
963 4470 1129 4515 nunc
1162 4457 1435 4535 exstant,
1485 4450 1681 4517 etiam
1728 4452 2093 4536 scripsisset
2128 4455 2361 4519 multas
2394 4454 2576 4538 alias,
2626 4462 2789 4519 certe
2823 4477 2836 4517 ι
