3052 5217
1548 694 1863 790 ,EO—-

769 913 955 995 1435,
1004 906 1114 995 25]
1168 899 1449 995 πράξασι
1502 944 1581 953 —-
1631 902 1685 971 εἱ
1734 894 2072 990 ἐπράξατε.
2124 941 2207 950 --

766 1029 957 1111 1435,
1006 1023 1117 1112 26]
1186 1021 1391 1109 λέγειν
1452 1017 1572 1109 γὰρ
1626 1007 1927 1108 εὐφήμως
1991 1009 2208 1083 πάντα
2266 1018 2363 1083 δεῖ
2432 1054 2511 1063 -
2574 1034 2839 1098 semper

454 1168 463 1177 ‘
584 1140 753 1208 enim
801 1142 966 1208 bene
1014 1140 1284 1205 ominari
1332 1145 1603 1224 oportet.
1697 1135 2210 1202 SchaeferuS.
2262 1172 2346 1181 —-

476 2982 485 2989 ’
601 3014 726 3059 cor.
777 2995 925 3076 227,
976 2995 1061 3057 23
1109 3012 1244 3075 sqq.
1294 3000 1358 3057 ct
1405 3013 1492 3058 or.
1545 3000 1767 3058 contra
1814 2992 2058 3076 Aphob.
2108 2992 2220 3065 III.
2272 2991 2420 3075 844,
2469 2992 2510 3056 9
2558 3009 2699 3072 sqq.
2762 3028 2843 3036 —
2967 3073 2978 3085 ·

768 1259 961 1341 1435,
1009 1254 1118 1344 29]
1184 1245 1347 1339 ὑμᾶς
1404 1242 1638 1331 αὖτοὺς
1700 1291 1777 1300 -
1848 1241 2007 1334 ὑμᾶς
2075 1249 2316 1335 pendet
2361 1250 2442 1314 ab
2502 1246 2840 1326 ἐξαπατᾶν

587 1382 652 1440 et
701 1360 933 1450 αὖτοὺς
979 1374 1062 1438 ab
1112 1368 1438 1438 αἱτιᾶσθε.
1490 1409 1573 1418 —-
2357 1370 2364 1377 ’

771 1490 961 1574 1435,
989 1485 1277 1574 27—30]
1310 1487 1387 1553 cf.
1412 1507 1691 1571 prooem.
1717 1485 1950 1550 XXVl.
1983 1484 2173 1567 1436,
2201 1484 2285 1548 28
2326 1519 2399 1529 —-
2441 1482 2632 1562 1437,
2658 1479 2721 1544 4.
2752 1515 2840 1524 —

773 1606 963 1688 1436,
1018 1602 1210 1691 1—7]
1264 1605 1342 1670 cf.
1392 1624 1477 1669 or.
1531 1601 1612 1668 de
1661 1623 1785 1668 cor.
1838 1603 1987 1684 292,
2044 1602 2122 1665 16
2170 1618 2308 1680 sqq.
2360 1635 2438 1645 —-

773 1722 964 1805 1436,
1014 1717 1080 1807 2]
1133 1709 1218 1796 ὡς
1264 1710 1622 1806 ἄνθρωπος
1675 1756 1754 1765 -
1802 1725 1872 1783 ut
1903 1715 2123 1782 homo:
2174 1713 2401 1781 soweit
2434 1712 2539 1777 ein
2572 1710 2843 1776 Mensch

591 1856 660 1901 es
706 1856 970 1920 vermag
1017 1843 1136 1902 etc.
1202 1834 1607 1901 referendum
1669 1842 1767 1899 est
1824 1832 1909 1899 ad
1958 1829 2231 1919 ζητῆσαι
2277 1827 2389 1894 καὶ
2437 1824 2839 1914 λογίσασθαι

591 1944 675 2016 τὰ
720 1949 1036 2036 βέλτισθ’.
1089 1990 1170 1998 -

777 2070 968 2152 1436,
1021 2066 1128 2155 13]
1180 2056 1267 2144 ὡς
1311 2057 1529 2143 εὔνους
1591 2105 1655 2112 --
1712 2075 1780 2132 ut
1831 2063 2199 2130 benevolus.
2252 2099 2333 2108 ——

778 2185 966 2268 1436,
1021 2181 1127 2270 17]
1176 2178 1410 2266 μανίας
1457 2181 1699 2267 pendet
1745 2182 1827 2246 ab
1875 2174 2059 2246 εἶναι.
2111 2219 2193 2226 ---

1143 2369 1859 2453 Prooemium
1917 2370 2122 2449 XX
2141 2369 2301 2449 VI.

779 2530 969 2613 1436,
1025 2527 1128 2617 19]
1186 2522 1283 2615 εἴη
1334 2577 1523 2593 .....
1574 2516 1779 2592 ταῦτὰ
1825 2526 1935 2592 καὶ
1984 2528 2300 2592 δοκοῦντα
2347 2522 2646 2611 βέλτισθ’
2697 2515 2850 2608 ὑμῖν

597 2638 758 2710 εἶναι
793 2642 905 2709 καὶ
938 2635 1080 2710 3213'
1116 2635 1199 2721 ὡς
1232 2632 1497 2731 ἀληθῶς
1547 2684 1626 2692 ——-
1678 2646 1916 2710 utinam
1952 2644 2083 2728 fiat,
2135 2651 2205 2710 ut
2238 2641 2467 2709 eadem
2499 2649 2564 2709 et
2597 2642 2852 2727 optima

597 2760 782 2828 vobis
828 2759 1170 2837 videantur
1218 2768 1282 2826 et
1329 2780 1396 2826 re
1442 2781 1599 2826 vera
1646 2761 1790 2827 sint.
1842 2799 1923 2807 —

782 2878 971 2959 1436,
1023 2874 1312 2964 23--25J
1366 2879 1439 2942 cf.
1474 2896 1753 2960 prooem.
1788 2877 2013 2942 XLVI.
2067 2877 2256 2959 1454,
2294 2877 2466 2940 6-8
2505 2881 2579 2944 εἰ
2627 2895 2716 2939 or.
2765 2873 2850 2939 de

783 3110 973 3193 1436,
1024 3106 1131 3194 28]
1180 3104 1418 3191 νομίζω
1467 3106 1538 3173 δὲ·
1584 3106 1694 3172 καὶ
1741 3098 1904 3190 ὑμᾶς
1952 3146 2035 3153 --
2083 3105 2360 3173 subaudi
2406 3102 2665 3171 εἰδέναι.
2724 3143 2799 3151 -

785 3225 976 3308 1436,
1004 3226 1089 3287 28
1127 3261 1206 3269 —-
1250 3225 1439 3308 1437,
1466 3222 1531 3310 4]
1581 3225 1658 3289 cf.
1688 3244 1963 3306 prooem.
1990 3223 2191 3288 XXV.
2223 3223 2413 3306 1435,
2440 3224 2593 3288 27-
2620 3223 2726 3287 30.
2764 3259 2849 3267 -—
2983 3256 2985 3258 ·

785 3342 975 3422 1437,
1027 3338 1089 3425 6]
1136 3329 1394 3416 τούτοις
1443 3377 1524 3386 -—
1576 3348 1674 3405 est
1722 3340 2130 3423 pleonasmus
2178 3337 2594 3422 emphaticas.
2654 3375 2732 3384 -—

786 3456 976 3538 1437,
1030 3452 1091 3541 7]
1143 3444 1221 3517 ἂν
1267 3452 1384 3536 μὲν
1430 3448 1547 3541 γὰρ
1589 3445 1843 3532 διδάξαι
1877 3454 2208 3541 δυνηθῶσι
2264 3492 2339 3501 --
2390 3453 2521 3519 scil.
2572 3447 2633 3517 οἳ
2669 3439 2855 3517 ἄντι-

605 3567 912 3655 λὲγοντες.
971 3608 1046 3616 -

788 3687 956 3750 1437
966 3733 983 3767 ,
1033 3683 1098 3772 9]
1150 3686 1343 3749 τοῦτο
1394 3676 1750 3772 πράξαντες
1798 3724 1880 3731 -
1929 3684 1996 3751 id
2042 3692 2159 3768 est,
2209 3676 2600 3763 διδάξαντες.
2653 3724 2739 3732 -

797 3802 979 3883 1437,
1035 3797 1139 3887 11]
1209 3793 1330 3865 ὅσα
1387 3787 1760 3884 ἀνθρώπων
1819 3787 1897 3887 ἦν
1959 3796 2168 3888 ἔργον,
2231 3788 2539 3882 ἀκοῦσαι,
2599 3792 2860 3865 τούτων

606 3906 1016 4003 τετυχηκότες
1073 3954 1154 3963 ——
1222 3908 1344 3981 ὅσα
1402 3923 1468 3981 et
1515 3907 1762 4006 τούτων
1818 3925 2019 4001 reete,
2085 3937 2212 3982 non
2258 3903 2294 3981 3
2343 3923 2407 3983 et
2451 3907 2724 3997 τούτου,
2788 3925 2861 3983 ut

609 4031 1066 4097 Schaefero
1135 4031 1415 4114 videtur3
1488 4052 1633 4095 nam
1704 4031 1768 4095 iu
1840 4031 2057 4115 lingua
2128 4032 2379 4099 Graeca
2450 4031 2717 4116 saepius
2789 4033 2861 4098 in

607 4146 1088 4239 pronominibus
1152 4167 1479 4213 numerum
1543 4147 1853 4231 pluralem
1914 4146 2273 4213 invenimus
2335 4168 2451 4231 pro
2506 4147 2861 4232 singulari3

606 4251 876 4348 ἀκοῦσαι
925 4271 1024 4329 est
1069 4262 1360 4327 additum
1407 4263 1850 4345 epexegetice:
1907 4262 1963 4328 si
2009 4262 2094 4347 id,
2144 4263 2317 4345 quod
2363 4262 2692 4329 hominum
2740 4273 2863 4351 est,

609 4379 731 4445 hoc
777 4386 893 4463 est,
944 4378 1116 4462 quod
1166 4376 1375 4459 quivis
1423 4376 1613 4444 homo
1646 4379 1970 4462 postulare
2002 4386 2233 4463 potest,
2285 4378 2611 4445 consecuti
2648 4389 2866 4467 erunt,
2969 4442 2972 4444 ,

608 4503 677 4561 ut
724 4494 1084 4560 audiantur.
1135 4531 1219 4541 —
