3052 5217
1307 697 1344 723 ἶ]

191 858 419 939 eorum
481 872 810 957 floruerat,
874 894 954 939 ex
1016 872 1245 956 opibus
1309 871 1905 956 Philadelphi,
1972 874 2144 956 regis
2207 874 2439 938 artium

191 990 563 1056 liberalium
611 988 1092 1082 studiosissimi,
1154 1010 1372 1054 omnes
1420 988 1772 1072 orationeS,
1824 1010 2239 1073 quaecunque
2292 1012 2439 1054 con-

193 1107 370 1189 quiri
418 1114 734 1190 poterant,
786 1105 1157 1191 praesertim
1205 1126 1346 1171 cum
1394 1127 1434 1168 a
1468 1105 1625 1171 viris
1675 1106 1991 1171 nobilibus
2041 1107 2441 1190 conscriptae

195 1230 440 1306 essent,
489 1222 770 1305 undique
823 1222 1098 1288 maximo
1149 1221 1353 1306 pretio
1399 1223 1709 1288 coemisse
1757 1222 1915 1288 satis
1965 1229 2231 1288 constat.

383 1340 466 1404 Et
519 1339 856 1423 quisquam
917 1338 1204 1404 censebit
1260 1339 1308 1405 O
1327 1340 1404 1402 al
1424 1339 1441 1402 l
1462 1338 1562 1407 im
1587 1361 1626 1404 a
1644 1362 1678 1405 c
1697 1339 1737 1402 h
1754 1358 1794 1402 u
1813 1361 1874 1403 m
1922 1360 1962 1403 a
2008 1327 2441 1405 Demosthene
2543 1327 2547 1332 ¹

197 1462 463 1548 praeter
495 1454 818 1521 orationes
852 1455 1194 1538 populares
1228 1454 1350 1519 sibi
1383 1462 1570 1519 notas
1604 1455 1795 1520 etiam
1829 1455 2296 1539 quinquaginta
2328 1476 2444 1520 sex

197 1571 387 1656 alias,
438 1593 520 1636 ex
568 1571 799 1654 quibus
847 1571 1188 1656 desumpta
1234 1578 1451 1638 essent
1499 1569 1657 1636 haec
1707 1571 2059 1656 prooemia,
2121 1572 2441 1655 perfectas

200 1708 349 1754 esse
398 1688 723 1774 putasse?
805 1687 1085 1754 Minime.

381 1806 727 1870 Praeterea
773 1801 1125 1869 doctissimi
1171 1804 1292 1870 viri
1339 1803 1817 1870 recentissimae
1864 1804 2097 1870 aetatis
2138 1805 2313 1869 velut
2346 1805 2441 1870 W.

202 1919 583 1986 Christus
630 1922 667 1986 1.
700 1922 740 1985 l.
775 1943 833 2006 p.
869 1922 996 1986 232
1045 1941 1244 2005 opera
1275 1920 1726 1987 Demosthenis
1778 1920 1991 1986 omnia
2036 1921 2267 1987 mortui
2314 1921 2441 1985 iam

202 2037 271 2100 in
319 2037 568 2120 Attica,
634 2059 758 2102 non
823 2036 1078 2102 demum
1125 2036 1556 2102 Alexandriae
1604 2035 1780 2102 edita
1838 2058 1981 2102 esse
2032 2037 2440 2120 contendunt,

205 2154 376 2219 unde
425 2153 1026 2219 Callimachum
1074 2175 1150 2219 eo
1198 2153 1406 2220 minus
1454 2153 1668 2238 decipi
1716 2155 2003 2239 potuisse
2050 2162 2379 2240 apparet·

386 2387 470 2450 At
518 2385 679 2450 haec
727 2385 1016 2451 collectio
1065 2385 1528 2470 prooemiorum
1588 2385 1710 2449 nisi
1766 2407 1847 2451 ex
1892 2385 2286 2452 orationibus
2334 2385 2442 2450 de-

207 2501 612 2586 scripta-est,
663 2502 982 2585 quomodo
1031 2501 1289 2568 tandem
1338 2509 1436 2568 est
1481 2504 1707 2568 facta?

387 2620 534 2683 Mea
595 2618 855 2704 quidem
915 2619 1235 2685 sententia
1297 2619 1456 2686 haec
1518 2619 1806 2687 collectio
1877 2620 2342 2705 prooemiorum
2406 2641 2446 2684 a

210 2735 750 2801 Demosthene
798 2734 981 2823 ipso
1028 2744 1148 2801 est
1195 2736 1672 2821 composita,
1722 2737 1842 2803 nisi
1890 2736 2059 2819 quod
2105 2736 2185 2821 ei,
2237 2745 2303 2802 ut
2351 2736 2442 2799 in-

212 2857 310 2917 tra
355 2851 840 2936 explicabimuS,
897 2859 1123 2937 postea
1171 2853 1524 2936 compluria
1572 2852 1702 2918 alia
1746 2852 1883 2919 eius
1932 2862 2078 2934 sunt
2124 2853 2443 2919 adiuncta.

387 2968 723 3034 Prooemia
768 2969 1183 3051 gravissimas
1229 2975 1444 3053 partes
1493 2970 1845 3035 orationum
1895 2990 2036 3035 esse
2085 2977 2147 3033 et
2196 2977 2445 3035 veteres

209 3084 274 3148 i‘n
329 3084 457 3151 illis
523 3083 867 3151 exarandis
914 3086 1255 3154 maximum
1304 3085 1585 3151 studium
1634 3085 2105 3169 consumpsisse
2154 3092 2443 3169 apparet.

210 3200 334 3265 Hic
357 3200 512 3264 mihi
537 3200 727 3266 liceat
753 3201 998 3287 afferre,
1043 3222 1207 3285 quae
1249 3203 1458 3287 Spen
1473 3200 1745 3285 gelius
1772 3198 2143 3291 (Συναγωγή
2181 3203 2445 3282 τεχνῶν)

211 3315 368 3381 dicit
414 3316 496 3381 de
544 3318 884 3400 prooemiis
932 3339 992 3402 p.
1049 3321 1207 3385 103:
1267 3319 1647 3403 „Oratorem
1692 3317 1967 3383 maxime
2011 3317 2079 3382 'in
2128 3317 2445 3402 principio

210 3440 276 3498 et
322 3432 447 3498 fine
496 3433 683 3499 valde
730 3434 1148 3500 exercitat-um
1207 3442 1271 3500 et
1319 3437 1720 3518 eloquentem
1769 3455 1911 3500 esse
1968 3456 2067 3500 res
2122 3434 2266 3518 ipsa
2310 3435 2444 3499 fere

210 3548 462 3632 flagitat
727 3552 952 3633 ltaque
999 3552 1260 3617 multam
1309 3551 1463 3617 dare
1511 3551 1837 3617 debebant
1866 3560 2116 3618 veteres
2164 3571 2444 3636 operam,

211 3686 352 3730 cum
400 3666 562 3730 bene
596 3665 875 3731 exordiri
910 3666 1292 3751 perdifficile
1327 3669 1410 3733 sit
1441 3669 1754 3751 pluraque
1786 3667 1852 3732 id
1885 3688 2088 3750 genus
2141 3668 2203 3731 in
2235 3674 2446 3731 mente

213 3780 478 3866 habere,
527 3802 563 3847 e
611 3782 870 3866 quibus,
922 3783 1092 3866 quod
1139 3783 1233 3848 rei
1280 3783 1575 3867 agendae
1624 3783 2009 3868 conveniret,
2060 3783 2445 3866 elige1·ent‘'‘;

212 3905 277 3963 et
319 3918 381 3981 p.
437 3901 592 3964 104:
650 3899 933 3983 „factum
983 3899 1170 3985 (est),
1219 3906 1287 3964 ut
1335 3908 1639 3966 externae
1687 3900 1807 3964 hae
1856 3899 2161 3965 orationis
2210 3906 2425 3984 partes

213 4017 381 4097 quae
424 4035 551 4078 non
599 4022 728 4079 tam
775 4014 859 4079 ad
907 4036 1038 4080 rem
1087 4015 1295 4099 ipsam
1343 4015 1821 4081 diiudicandam
1878 4036 2067 4098 quam
2115 4015 2199 4086 ad
2246 4035 2444 4099 popu-

213 4132 336 4195 lum
387 4136 450 4194 et
496 4128 741 4196 iudices
785 4130 1249 4215 permovendos
1293 4132 1633 4217 pertinent,
1684 4132 1901 4215 magni
1933 4130 2448 4197 existimarentur

213 4245 532 4330 momenti,
582 4252 646 4311 et
677 4246 805 4311 iam
841 4269 882 4312 a
914 4233 1134 4331 primis
1182 4248 1566 4314 artificiosae
1614 4248 2019 4332 eloquentiae
2067 4247 2445 4331 oratoribuS,

215 4362 442 4444 quibus
489 4361 556 4425 in
603 4364 740 4428 foro
790 4373 854 4429 et
885 4363 1120 4429 iudicio
1154 4372 1292 4431 era-t
1325 4363 1687 4452 dicendum,
1736 4365 1799 4435 in
1834 4385 2018 4433 suum
2050 4363 2446 4447 aliorumque

205 4469 396 4545 *usum
442 4479 618 4546 solae
666 4480 1203 4549 elaborarentur“.
