3052 5217
609 1975 710 2057 fit,
780 1981 845 2040 ut
907 1974 1098 2040 etiam
1158 1969 1326 2038 κατὰ
1393 1969 1697 2058 τούτους,
1770 1983 1837 2040 ut
1896 1974 2298 2040 Reiskius
2371 1973 2699 2058 opinatur,
2767 1970 2845 2034 sit

609 2088 972 2154 absurdum.
1024 2127 1102 2136 -

796 2217 981 2298 1419,
1038 2213 1094 2300 1]
1144 2215 1222 2278 ef.
1272 2235 1358 2279 or.
1410 2214 1492 2279 de
1540 2235 1700 2299 paee
1745 2217 1851 2298 57,
1901 2218 1957 2280 2.
2008 2253 2090 2261 —-

794 2341 984 2422 1419,
1029 2338 1086 2425 1]
1136 2329 1655 2415 ὡςὲκτοιούτων
1691 2378 1769 2386 -—
1815 2339 1878 2404 iu
1915 2338 2027 2404 tali
2061 2360 2267 2404 rerum
2294 2346 2482 2405 statu.
2566 2337 2841 2404 Sohae-

615 2455 842 2520 ferus.
895 2491 976 2500 ——
1962 2493 1970 2503 .

800 2579 990 2664 1419,
1039 2578 1236 2666 3—5]
1297 2580 1376 2645 ef.
1425 2601 1512 2647 or.
1564 2579 1821 2665 Olynth‚
1869 2582 1947 2648 ΙΙ.
1996 2583 2111 2666 24,
2176 2584 2260 2647 27
2309 2601 2447 2665 sqq.
2508 2588 2574 2647 et
2637 2601 2722 2647 or.
2769 2578 2842 2643 de

616 2694 835 2760 Chers.
885 2697 989 2780 99,
1045 2697 1126 2760 12
1173 2716 1310 2778 sqq.
1361 2734 1442 2743 --

797 2820 989 2903 1419,
1041 2819 1281 2907 8—11]
1331 2822 1407 2886 ef.
1457 2842 1546 2886 or.
1598 2821 1858 2905 Olynth.
1906 2822 2018 2887 III.
2070 2824 2173 2907 29,
2232 2825 2307 2888 17
2357 2842 2494 2904 sqq.
2605 2861 2631 2869 -

800 2946 990 3029 1419,
1044 2944 1325 3032 12—18]
1377 2946 1454 3011 ef.
1503 2967 1591 3011 or.
1642 2945 1800 3010 Phil.
1849 2948 1895 3011 I.
1945 2950 2048 3031 51,
2100 2950 2139 3010 5
2187 2968 2323 3031 sqq.
2375 2986 2455 2994 —

800 3080 988 3162 1419,
1022 3078 1124 3165 14]
1168 3076 1278 3143 καὶ
1309 3074 1391 3144 τὰ
1423 3071 1777 3166 πράγματα
1807 3072 2237 3168 ὑπερβήσεται
2273 3121 2352 3129 —-
2388 3076 2471 3146 τὰ
2504 3072 2846 3167 πράγματα

617 3194 1010 3278 Sauppius
1059 3202 1122 3259 et
1162 3195 1272 3259 alii
1305 3203 1534 3279 putant
1566 3197 2004 3264 accusativum
2038 3205 2101 3262 et
2147 3196 2233 3262 ad
2279 3198 2538 3263 verbum
2572 3187 2845 3284 ὑπερβή-

615 3330 798 3374 σεται
856 3310 1247 3375 subaudiunt
1302 3308 1434 3390 τίς,
1497 3320 1563 3376 ut
1622 3312 1790 3378 hune
1836 3314 2045 3379 locum
2094 3322 2501 3380 convertant:
2565 3335 2638 3379 er
2695 3312 2845 3380 auch

618 3426 775 3490 iiber
807 3425 912 3491 die
945 3426 1317 3509 Ereignisse
1353 3426 1909 3511 hinwegkommen
1957 3428 2092 3495 sive
2142 3429 2306 3495 auch
2341 3430 2444 3495 die
2478 3429 2844 3496 wirkliehen

618 3540 1030 3607 Thatsaehen
1078 3542 1443 3626 flbergehen
1480 3543 1659 3609 wird.
1754 3544 1959 3622 Quam
1994 3546 2583 3630 interpretationem
2628 3547 2845 3612 falsam

618 3677 761 3723 esse
822 3656 950 3722 iam
997 3659 1646 3726 Westermannus
1711 3662 2066 3727 rectissime
2125 3662 2433 3747 docuit1).
2526 3664 2687 3748 Alii,
2748 3658 2847 3746 qui

617 3772 744 3857 ipsi
790 3769 892 3850 τίς
937 3773 1020 3838 ad
1067 3764 1500 3862 ὑπερβήσεται
1548 3776 1973 3862 subaudiunt,
2039 3779 2215 3844 velut
2263 3777 2713 3864 Frankius,
2775 3770 2848 3841 τὰ

619 3880 972 3975 ’πράγματα
1028 3912 1362 3976 perperam
1426 3893 1929 3976 interpretantur
1983 3896 2077 3981 τῷ
2133 3885 2271 3959 ὄντι
2335 3895 2471 3961 sive
2525 3897 2623 3981 τῷ
2678 3892 2845 3983 ἔργῳ,

619 4012 689 4070 ut
750 4006 1166 4071 transferant:
1234 4007 1288 4073 si
1344 4009 1526 4091 quis,
1591 4030 1755 4091 quae
1818 4009 2090 4076 dicendo
2155 4011 2510 4093 transierit,
2576 4032 2660 4077 ea
2719 4013 2847 4096 ipsa

619 4121 958 4187 transierit.
1074 4124 1299 4206 Neque
1369 4125 1576 4208 magis
1648 4125 1912 4191 verbum
1984 4116 2449 4213 ὑπερβήσεται,
2526 4134 2591 4191 ut
2659 4128 2843 4194 Voe·

803 4336 852 4401 1)
901 4332 982 4388 Cf.
1021 4334 1405 4403 Ausgewiihlte
1440 4336 1626 4389 Reden
1676 4337 1767 4390 des
1815 4338 2120 4403 Demosth.,
2172 4338 2373 4393 erklart
2420 4356 2525 4391 von
2560 4338 2842 4394 Westor·

621 4440 828 4478 mann.
903 4422 1088 4478 Erstes
1123 4424 1430 4490 Bandoben,
1471 4432 1519 4479 5.
1561 4424 1800 4495 Auflage
1842 4430 1993 4494 1866,
2034 4426 2090 4480 in
2128 4443 2199 4480 or.
2239 4427 2381 4483 Phil.
2420 4427 2463 4481 Ι.
2505 4432 2589 4494 51,
2634 4434 2683 4484 5.

2993 4608 2999 4845 i

2979 4848 2997 5127 Ι
