3052 5217
501 2113 544 2128 Ἰ
591 2113 728 2149 mffl.

687 2183 885 2266 1441,
948 2180 1010 2267 9]
1077 2168 1221 2246 ἀντὶ
1280 2182 1396 2246 τοῦ
1459 2180 1658 2247 δεινοὶ
1720 2179 1927 2268 λέγειν
1991 2220 2072 2229 -
2131 2180 2266 2248 scil.
2332 2174 2493 2247 εἶναι
2557 2177 2757 2264 νομί-

501 2295 751 2366 ζεσθαι.
799 2334 883 2344 -—-

683 2416 874 2498 1441,
927 2410 1211 2500 11—13]
1265 2414 1338 2479 cf.
1387 2435 1665 2499 prooem.
1713 2415 1849 2480 VII.
1903 2416 2093 2499 1423,
2132 2417 2303 2479 1-8
2351 2421 2415 2480 et
2458 2434 2753 2497 prooem.

502 2530 612 2594 IX.
651 2532 840 2614 1425,
881 2532 1045 2594 1-7
1097 2538 1161 2596 et
1207 2551 1480 2614 prooem.
1533 2531 1733 2596 XVII.
1787 2533 1976 2615 1429,
2031 2533 2284 2597 17-21
2338 2538 2403 2597 et
2448 2552 2538 2596 or.
2574 2529 2751 2596 Phil.

500 2647 611 2710 111.
664 2649 810 2730 110,
863 2648 944 2710 15
991 2666 1131 2728 sqq.
1181 2654 1244 2712 et
1291 2668 1377 2712 or.
1431 2647 1690 2732 Olynth.
1737 2648 1849 2713 III.
1898 2650 2003 2733 34,
2057 2651 2140 2712 14
2186 2668 2323 2731 sqq.
2374 2686 2456 2695 ——

486 2749 489 2751 ’
684 2764 872 2845 1442,
924 2760 986 2848 2]
1048 2760 1158 2826 καὶ
1204 2755 1322 2848 γὰρ
1370 2752 1597 2851 εἴηθες
1646 2813 1834 2830 .....
1896 2755 2088 2850 λόγον
2134 2748 2214 2828 αὖ
2260 2758 2374 2829 τὸν
2416 2760 2756 2847 μέλλοντα

500 2872 736 2962 βελτίω
798 2874 1002 2963 λέγειν
1059 2876 1170 2943 καὶ
1231 2878 1479 2961 μᾶλλον
1540 2876 1937 2967 συμφέρονθ’
2000 2870 2150 2963 ὑμῖν
2210 2880 2589 2945 καταδεῖσαι
2654 2918 2748 2927 —-

501 2994 888 3059 construe-tio
931 3001 1047 3059 ‘est
1103 2994 1298 3059 haee:
1363 2993 1474 3059 καὶ
1520 2988 1640 3081 γὰρ
1687 2986 1915 3083 εὔηθες
1974 2990 2088 3061 τὸν
2134 2994 2456 3079 μέλλοντα
2501 2992 2753 3080 βελτίω

499 3108 611 3174 καὶ
642 3110 892 3193 μᾶλλον
924 3108 1337 3198 συμφέροντα
1369 3108 1575 3196 λέγειν
1609 3103 1801 3197 λόγον
1830 3113 2238 3178 καταδεῖσαιε
2282 3114 2543 3178 stultum
2569 3111 2753 3176 enim

500 3234 598 3292 est
647 3246 821 3310 eum,
889 3226 998 3308 qui
1057 3226 1325 3292 meliora
1372 3234 1436 3293 et
1483 3228 1742 3294 utiliora
1790 3228 1975 3295 vobis
2023 3228 2309 3295 dicturus
2356 3229 2470 3312 sit,
2529 3228 2750 3293 vereri

499 3341 870 3412 orationem.
918 3379 1002 3387 —

683 3459 887 3540 1442,
958 3454 1060 3543 10]
1127 3446 1205 3520 {iv
1252 3455 1306 3522 δ’
1355 3448 1479 3544 ἷὶρα
1532 3455 1776 3524 ἕκαστα
1832 3450 2239 3545 λογιζόμενος
2299 3447 2754 3547 ἆλλοιοτέροις

499 3572 673 3659 φανῇ
741 3610 822 3619 -
887 3593 1002 3656 pro
1051 3564 1458 3658 λογιζόμενος
1504 3562 1945 3662 ἇλλοιοτέροις
1998 3576 2341 3661 legendum
2398 3583 2498 3642 est
2560 3576 2755 3662 λογι-

499 3684 787 3769 ζομένοις
833 3674 1272 3775 ἇλλοιὸτεροςε
1319 3690 1419 3754 sin
1465 3698 1679 3756 autem
1727 3692 1981 3775 singula
2030 3691 2577 3758 considerantibus
2627 3692 2750 3757 de-

495 3802 693 3869 terior
740 3802 1002 3889 (oratio)
1047 3804 1189 3870 visa
1235 3803 1332 3871 sit.
1386 3844 1468 3851 —

680 3921 869 4004 1442,
924 3917 1029 4006 11]
1095 3913 1690 4007 μεταβουλεύεσθαι
1752 3961 1834 3969 --
1898 3917 1998 3991 est
2042 3924 2241 4008 idem,
2305 3922 2479 4007 quod
2539 3946 2755 4006 μετα-

480 4026 869 4123 γιγνώσκειν
914 4036 1050 4101 sive
1095 4033 1659 4119 μεταπείθεσθαιε
1710 4040 2089 4106 sententiam
2138 4047 2399 4106 mutare.
2449 4077 2532 4087 -

963 4215 1680 4298 Prooemium
1735 4218 2259 4302 XXXIII.

657 4358 872 4440 ’1442,
926 4354 1028 4442 14]
1076 4353 1132 4421 εἰ
1179 4356 1234 4421 δ’
1273 4347 1397 4443 ἄρα
1429 4357 1606 4453 ταῦτ’
1640 4347 1802 4446 ἄλλῃ
1835 4383 1929 4447 πη
1962 4356 2304 4446 συμβαίνοι
2356 4397 2437 4407 -
2485 4359 2542 4425 si
2583 4380 2750 4426 vero

493 4471 681 4540 aliter
725 4470 937 4537 eadat.
1032 4472 1549 4539 SchaeferuS.
1599 4511 1681 4520 —
