3052 5217
178 1921 542 2000 significare
565 1921 823 1984 videtur
839 1921 1266 1982 Athenienses
1295 1938 1335 1981 a
1355 1921 1641 2000 Rhodiis,
1664 1921 1841 1982 Chiis
1863 1921 2135 1997 aliisque
2156 1921 2416 1980 insimu-
2464 1996 2467 1998 v

177 2033 341 2100 latos
388 2024 554 2118 esse,
605 2032 780 2118 quod
825 2054 956 2117 eos,
1007 2033 1384 2116 quibuscum
1433 2033 1808 2098 societatem
1856 2031 2144 2116 inissent,
2193 2031 2258 2098 in
2306 2053 2416 2116 po-

182 2156 470 2216 testatem
492 2169 673 2216 suam
689 2148 984 2234 redigere
1005 2148 1483 2216 contenderent.
1514 2149 1727 2232 Atque
1748 2148 2018 2214 eandem
2037 2147 2419 2214 sententiam

179 2263 532 2331 invenimus
565 2265 762 2331 etiam
792 2265 858 2330 in
892 2265 1216 2350 prooemio
1242 2264 1552 2331 orationis
1580 2265 1661 2330 de
1685 2265 1983 2330 libertate
2007 2263 2418 2330 Rhodiorum.

351 2381 699 2448 Praeterea
743 2381 809 2446 in
857 2381 1182 2465 prooemio
1229 2382 1447 2446 XXIV
1494 2389 1751 2448 exstant
1799 2379 1924 2447 duo
1974 2380 2133 2464 loei,
2196 2379 2303 2464 qui
2353 2379 2417 2444 in

182 2496 464 2562 oratione
514 2496 595 2562 de
658 2497 953 2564 libertate
1001 2496 1390 2564 Rhodiorum
1452 2497 1673 2563 habita
1736 2497 1977 2563 eisdem
2026 2499 2158 2563 fere
2204 2495 2417 2562 verbis

177 2613 822 2698 leguntur'(prooem.
863 2616 1052 2699 1435,
1102 2617 1142 2679 2
1190 2622 1388 2690 et‚or.
1449 2618 1602 2698 191s
1638 2617 1715 2699 43
1764 2634 2042 2699 prooem.
2097 2614 2284 2697 1435,
2338 2613 2418 2677 15

179 2736 239 2793 et
283 2751 372 2796 or.
428 2732 572 2814 195,
626 2729 712 2815 1).

351 2844 534 2923 Quae
581 2866 722 2911 eum
770 2845 864 2911 ita
909 2845 1055 2930 sint,
1107 2845 1169 2910 in
1217 2847 1545 2930 prooemio
1594 2847 1811 2912 XXIV
1860 2845 2015 2910 nihil
2065 2853 2193 2930 est,
2244 2844 2417 2927 quod

179 2960 256 3024 ab
303 2960 430 3027 hae
475 2982 544 3027 re
571 2962 948 3028 abhorreat.

347 3078 582 3161 Neque
631 3078 837 3161 magis
884 3078 947 3142 in
999 3080 1323 3162 prooemio
1371 3079 1530 3144 XXI
1596 3078 1934 3161 quisquam
1994 3084 2164 3143 reete
2224 3078 2416 3142 offen-

181 3189 305 3259 dat.
402 3193 570 3259 Nam
616 3192 782 3259 duae
832 3215 1163 3284 rem—quas
1211 3203 1427 3261 orator
1467 3195 1533 3259 iu
1565 3194 1687 3260 hoo
1718 3193 2042 3279 prooemio
2076 3193 2416 3277 significat,

179 3308 618 3392 Hellespontia
663 3316 728 3375 et
759 3310 1182 3394 Marathonia,
1232 3310 1520 3376 incidunt
1554 3311 1760 3375 altera
1791 3310 1853 3375 in
1888 3330 2121 3375 annum
2172 3318 2416 3375 trecen-

178 3424 472 3489 tesimum
520 3424 1118 3509 quinquagesimum
1165 3426 1417 3491 tertium
1467 3426 1569 3493 vel
1616 3426 1985 3513 seeundum,
2046 3438 2173 3511 quo
2221 3427 2415 3491 Para-

178 3540 269 3605 los
291 3542 343 3626 ¹)
374 3561 561 3605 saera
591 3541 866 3607 triremis
899 3563 937 3607 a
972 3542 1198 3626 piratis
1232 3542 1312 3607 de
1346 3543 1531 3609 litore
1566 3543 1968 3609 Marathonio
1995 3550 2092 3609 est
2117 3542 2416 3628 abducta,

178 3656 383 3721 altera
428 3656 493 3720 in
539 3677 773 3723 annum
823 3659 1337 3725 trecentesimum
1400 3659 1997 3742 quinquagesimum
2046 3660 2415 3744 seeundum,

178 3769 283 3835 ubi
333 3771 670 3857 Philippus
718 3773 782 3838 in
831 3774 1174 3840 Thraciam
1239 3774 1715 3859 expeditionem
1765 3776 1946 3860 feeit,
2004 3776 2068 3839 in
2118 3796 2246 3857 qua
2291 3776 2414 3839 He·
2506 3764 2511 3767 ¹

178 3879 414 3972 raeum,
465 3888 794 3954 castellum
844 3890 1220 3975 Propontidi
1271 3891 1607 3975 adiacens,
1667 3891 2099 3975 oppugnavit;
2163 3910 2289 3972 qua
2335 3890 2415 3955 de

179 4022 246 4067 re
279 4004 363 4068 ab
399 4004 814 4090 Oersoblepte
849 4006 1019 4071 docti
1049 4007 1471 4073 Athenienses
1504 4007 1817 4072 maximas
1853 4006 2070 4091 copias
2104 4006 2415 4071 instruere
2450 4037 2455 4041 ·

178 4116 620 4205 decreverunt,
655 4122 772 4187 sed
807 4143 974 4188 anno
1009 4123 1260 4188 demum
1295 4132 1522 4208 postea
1548 4121 1999 4194 Charidemum
2026 4143 2166 4187 eum
2192 4122 2414 4186 decem

176 4234 450 4301 navibus
496 4234 794 4304 inanibus
843 4238 1150 4304 miserunt
1197 4240 1260 4304 in
1309 4240 1793 4323 Hellespontum
1818 4240 1889 4325 2).

360 4397 409 4462 1)
454 4371 604 4450 Dem.
646 4413 719 4451 or.
761 4397 903 4451 Phil.
946 4397 990 4452 I.
1032 4402 1115 4462 50,
1162 4404 1207 4451 1.

356 4484 409 4552 2)
457 4485 604 4539 Dem.
646 4502 720 4539 or.
764 4485 982 4553 Olynth.
1026 4486 1122 4540 III.
1164 4491 1248 4550 29,
1288 4491 1355 4539 2⁶2
1397 4503 1512 4562 sqq.
