3052 5217
185 970 502 1055 legimus:
549 967 859 1036 Αἰσίωνα
898 968 971 1036 δέ
1013 992 1211 1059 φησιν
1243 964 1623 1058 (Ἕρμιππος
1655 969 2068 1059 ἐρωτηθέντα
2116 971 2267 1060 περὶ
2312 970 2441 1038 τῶν

188 1077 410 1151 πάλαι
465 1077 747 1173 ῥητόρων
804 1084 913 1151 καὶ
974 1088 1102 1151 τῶν
1164 1074 1317 1152 καθ’
1384 1077 1579 1152 αὑτὸν
1639 1084 1847 1153 εἰπεῖν
1894 1078 1980 1165 ὡς
2027 1076 2281 1153 ἀκούων
2323 1087 2441 1171 μὲν

185 1193 268 1266 ἄν
324 1225 428 1279 τις
481 1193 851 1284 ἐθαύμασεν
904 1198 1182 1281 ἐκείνους
1235 1190 1562 1286 εὐκόσμως
1614 1201 1726 1267 καὶ
1778 1203 2293 1290 μεγαλοπρεπῶς
2346 1206 2438 1291 τῷ

187 1309 382 1406 δήμῳ
442 1315 960 1403 διαλεγομένους,
1032 1305 1654 1405 ἀναγιγνωσκόμενοι
1714 1305 1771 1383 δ’
1847 1314 1908 1383 οἳ
1972 1317 2440 1406 Δημοσθένους

185 1424 376 1519 λόγοι
444 1428 614 1500 πολὺ
676 1435 757 1521 τῇ
818 1435 1183 1521 κατασκευῐ
1246 1432 1354 1499 καὶ
1424 1425 1686 1517 δυνάμει
1756 1431 2175 1523 διαφέρουσιν
2235 1436 2441 1502 elucet

188 1557 448 1634 partem
495 1551 852 1616 orationum
901 1572 942 1615 a
987 1550 1422 1617 Demosthene
1473 1550 1634 1635 ipso,
1686 1571 1827 1616 oum
1874 1551 2218 1636 Aesion,
2268 1550 2441 1635 quod

188 1665 373 1749 apud
421 1665 755 1732 Suidam
818 1667 1022 1753 (Δημ.
1074 1670 1137 1751 1)
1198 1666 1504 1751 scriptum
1572 1674 1670 1732 est
1726 1675 1788 1731 et
1833 1666 1918 1731 ab
1965 1665 2440 1734 Aristotele

190 1780 344 1861 (Rh.
376 1782 489 1867 111,
537 1781 648 1867 10)
699 1782 1124 1866 confirmatur,
1173 1783 1460 1866 aequalis
1508 1782 1646 1848 eius
1695 1781 1942 1868 fuisset,
1991 1803 2132 1849 esse
2180 1781 2437 1849 editam.

377 1932 566 2012 Quod
601 1933 934 2000 verissime
968 1942 1404 2018 cognoverunt
1450 1945 1514 1999 et
1562 1934 1672 1999 alii
1722 1933 2009 2000 homines
2056 1934 2229 2001 docti
2265 1936 2439 2001 velut

191 2048 612 2134 Rankius,
677 2049 786 2132 qui
849 2050 914 2132 (1.
979 2038 1020 2115 I.
1084 2071 1144 2134 p.
1209 2049 1323 2136 88)
1387 2049 1838 2117 Demosthenis
1903 2049 2226 2117 orationes
2288 2071 2435 2135 pu-

194 2163 480 2231 blicas
551 2172 616 2231 et
684 2165 1156 2249 populares
1226 2164 1444 2231 statim
1514 2163 1773 2232 habitas
1842 2167 2057 2233 multis
2128 2167 2438 2250 exemplis

191 2280 566 2366 divulgatas
644 2300 785 2347 esse
865 2279 1192 2346 contendit
1269 2289 1463 2364 atque
1542 2282 1619 2348 K.
1697 2283 1771 2349 F.
1850 2283 2437 2368 He1·mannuS‚

195 2397 302 2462 cui
352 2404 483 2464 tres
530 2396 853 2463 orationes
898 2397 1321 2481 Olynthlaoae
1370 2398 1472 2479 (A.
1507 2397 1796 2483 Seh‘afer,
1844 2401 2023 2464 Dem.
2075 2418 2130 2464 u.
2179 2419 2227 2464 s.
2277 2398 2437 2482 Zeit,

193 2514 308 2579 111.
360 2515 430 2580 B.
480 2513 637 2580 Beil.
685 2533 747 2598 p.
795 2515 982 2598 322),
1047 2520 1117 2578 ut
1177 2512 1348 2579 illius
1395 2513 1611 2580 verbis
1677 2521 1847 2599 utar,
1914 2513 2018 2580 ein
2064 2513 2440 2599 politisehes

196 2629 540 2715 Pamphlet
586 2650 728 2697 esse
776 2629 1075 2695 videntur
1105 2631 1189 2716 1),
1249 2637 1314 2696 et
1367 2632 1423 2695 A
1499 2629 2048 2715 SohaeferUS,
2112 2650 2255 2696 eum
2314 2632 2352 2697 l.
2400 2632 2437 2697 1.

194 2745 289 2811 ita
351 2745 557 2813 dieat:
629 2740 788 2830 „Bei
859 2746 1064 2820 einem
1135 2751 1401 2830 grossen
1465 2746 1648 2812 Teile
1707 2746 1821 2813 der
1884 2746 2437 2813 offentliehen

196 2860 426 2928 Reden
473 2861 649 2928 kann
696 2883 766 2928 es
813 2861 1068 2928 keinem
1118 2862 1386 2928 Zweifel
1436 2862 1855 2947 unterliegen‚
1906 2861 2058 2930 dass
2106 2884 2193 2948 er,
2241 2862 2434 2930 naeh-

195 2977 344 3044 dem
391 2978 484 3045 sie
535 2976 837 3061 gehalten
885 2997 1134 3062 waren,
1199 2977 1304 3043 die
1351 2979 1544 3044 letzte
1592 2978 1782 3043 Hand
1830 2976 2032 3044 daran
2078 2980 2251 3063 legte
2309 2978 2437 3044 und

196 3093 290 3160 sie
339 3093 402 3159 in
454 3095 719 3161 Umlauf
758 3100 990 3178 setzte‚
1055 3094 1201 3160 toils
1250 3114 1325 3159 zu
1374 3093 1637 3177 eigener
1682 3093 2215 3178 Rechtfertigung
2249 3144 2264 3159 .
2304 3143 2317 3158 .
2352 3147 2366 3159 .
2401 3145 2435 3180 .‚

197 3211 345 3277 teils
415 3230 518 3276 um
587 3210 817 3276 seine
888 3208 1390 3293 Ratsohlage
1467 3210 1547 3275 in
1626 3210 2015 3276 weiteren
2085 3209 2434 3276 Kreisen

197 3326 355 3392 und
425 3324 1088 3393 naohhaltender
1160 3325 1465 3391 wirken
1539 3346 1634 3391 zu
1704 3327 2023 3411 lassen‚
2094 3328 2216 3393 als
2287 3326 2435 3393 das

195 3441 768 3527 gesproehene
816 3442 1042 3508 Wort
1089 3462 1170 3508 es
1219 3463 1304 3507 zu
1353 3442 1552 3507 thun
1601 3441 2131 3509 vermoohte“.

375 3595 461 3661 At
520 3614 681 3677 quas
739 3593 1060 3660 orationes
1130 3616 1171 3659 a
1234 3594 1669 3661 Demosthene
1739 3593 1953 3677 potius
2024 3591 2232 3661 editas
2293 3614 2438 3661 esse

195 3731 421 3777 censes
483 3730 676 3794 quam
738 3711 1134 3795 populares?
1228 3708 1440 3795 Quae,
1506 3731 1648 3777 eum
1707 3709 1793 3775 ad
1858 3710 2197 3778 utilitatem
2243 3719 2438 3795 atque

196 3828 469 3893 salutem
531 3826 788 3893 habitae
851 3834 1066 3894 essent
1131 3848 1256 3892 non
1320 3826 1508 3893 unius
1572 3826 1906 3893 cuiusdam
1953 3826 2255 3912 hominis,
2319 3826 2437 3893 sed

196 3942 392 4010 totius
439 3942 689 4028 populi,
753 3942 870 4009 sed
933 3943 1209 4009 omnium
1259 3944 1681 4028 Graecorum,
1744 3950 1814 4008 ut
1871 3942 1938 4007 in
1985 3944 2216 4027 vulgus
2263 3963 2433 4008 ema·

196 4067 442 4143 natent,
490 4058 669 4124 illum
717 4058 992 4125 maxime
1039 4080 1297 4143 operam
1347 4058 1607 4125 dedisse
1655 4058 1840 4125 nobis
1887 4066 1986 4124 est
2032 4057 2402 4142 putandum.

380 4272 428 4341 1)
467 4270 545 4325 Cf.
567 4272 760 4327 etiam:
797 4272 899 4325 Die
923 4271 1381 4340 Attikusausgabe
1407 4272 1499 4325 des
1537 4272 1687 4325 Dem.
1715 4288 1764 4324 V.
1791 4270 1874 4324 W.
1906 4269 2136 4325 Christ
2161 4271 2435 4339 (Abhand-

197 4371 401 4439 lungen
427 4370 521 4425 der
544 4370 953 4441 philos-philol.
973 4370 1161 4424 Klasse
1188 4370 1285 4424 der
1310 4370 1377 4424 K.
1401 4370 1531 4441 Bay.
1553 4368 1843 4423 Akademie
1872 4367 1966 4423 der
1983 4368 2436 4424 wissenschaften

200 4473 280 4525 16.
308 4470 369 4525 Β.
415 4472 566 4535 1882,
606 4487 657 4542 p.
685 4470 828 4539 218).
