3052 5217
332 1640 503 1748 Hac
549 1689 782 1766 aetate,
834 1702 998 1766 quae
1047 1681 1280 1764 flagrat
1326 1680 1686 1747 incredibili
1726 1682 2003 1765 quadam
2045 1683 2392 1767 cupiditate

154 1799 500 1883 scribendi,
562 1798 732 1865 haud
796 1799 928 1864 scio
991 1819 1073 1878 an
1133 1819 1319 1864 nemo
1387 1798 1745 1882 reperiatur
1791 1799 2089 1883 scriptor,
2154 1799 2219 1863 in
2268 1820 2394 1882 quo

155 1937 319 1980 unus
367 1922 430 1981 et
478 1917 642 1981 alter
687 1937 810 1980 non
860 1916 987 1978 iam
1035 1913 1464 1980 elaboraverit
1511 1915 1921 1980 recensendo
2013 1915 2107 1980 Ac
2154 1925 2393 1998 quanto

155 2035 263 2096 ille
327 2032 446 2097 fuit
505 2031 734 2097 clarior
796 2041 860 2096 et
921 2031 1378 2116 praestantior,
1442 2039 1621 2096 tanto
1685 2031 1889 2096 maior
1936 2031 2237 2097 videlicet
2296 2039 2394 2096 est

156 2150 208 2212 is
246 2168 564 2232 numerus,
615 2148 720 2230 qui
756 2148 836 2212 de
868 2168 941 2213 eo
990 2147 1293 2213 iudicant.
1374 2148 1562 2212 Velut
1606 2147 1686 2212 de
1721 2144 2171 2231 Demosthene,
2223 2147 2391 2231 prin-

156 2265 298 2348 cipe
347 2272 686 2348 oratorum,
736 2286 775 2329 a
822 2284 946 2347 quo
995 2285 1119 2329 non
1169 2265 1370 2329 solum
1421 2263 1606 2328 nobis
1642 2263 1984 2348 orationeS,
2036 2263 2151 2328 sed
2198 2258 2392 2328 etiam

155 2381 468 2464 epistolae
502 2388 566 2446 et
598 2380 925 2464 prooemia
957 2379 1196 2446 tradita
1228 2387 1393 2463 sunt,
1440 2380 1665 2445 mirum
1699 2389 2005 2462 quantum
2039 2387 2137 2444 est
2171 2379 2391 2463 dispu-

154 2505 374 2563 tatum.
453 2497 617 2562 Nam
666 2505 832 2580 sunt,
883 2497 992 2579 qui
1037 2517 1178 2561 cum
1211 2497 1569 2562 orationum
1601 2497 1907 2562 maiorem
1943 2504 2208 2589 partem,
2259 2505 2390 2561 tum

154 2615 429 2679 maxime
487 2614 798 2697 epistolas
859 2622 922 2679 et
983 2613 1312 2698 prooemia
1371 2593 1653 2697 genuina
1714 2633 1855 2678 esse
1915 2620 2167 2695 negent.
2265 2613 2393 2678 Alii

155 2706 371 2795 autem
428 2737 494 2795 et
549 2729 894 2795 maximam
957 2738 1201 2813 partem
1262 2729 1623 2795 orationum
1672 2737 1735 2795 ct
1782 2729 2087 2813 epistolas
2137 2737 2200 2793 et
2250 2750 2390 2812 pro-

156 2846 366 2910 oemia
412 2866 452 2910 a
499 2844 932 2911 Demosthene
978 2846 1406 2930 ipso'soripta
1452 2866 1595 2911 esse
1644 2845 1878 2942 dicunt.

336 2966 618 3047 Πίνακες
656 2970 1115 3035 Callimachi
1149 2970 1470 3053 quomodo
1510 2970 1630 3037 orti
1664 2972 1809 3054 sint,
1846 2970 1953 3052 qui
1981 2971 2392 3055 reputaverit,

157 3086 212 3149 is
262 3106 416 3149 sane
465 3107 590 3150 non
639 3086 991 3169 mirabitur,
1042 3087 1096 3151 si
1144 3086 1436 3171 permulti
1472 3086 1875 3169 addubitant,
1925 3094 2130 3150 utrum
2180 3087 2393 3151 omnia

158 3222 357 3284 opera
400 3202 483 3266 ab
530 3202 638 3267 illo
685 3203 748 3266 in
799 3223 1124 3268 numerum
1171 3214 1498 3268 auctorum
1534 3203 1921 3269 Graecorum
1956 3200 2221 3267 redacta
2264 3202 2391 3267 sint

157 3317 438 3399 genuina
501 3339 720 3384 necne.
830 3320 995 3384 Nam
1071 3320 1256 3403 eopia
1324 3318 1830 3402 recipiendorum
1902 3319 2202 3384 librorum
2274 3318 2394 3382 fuit

157 3434 391 3519 maior,
463 3455 652 3517 quam
721 3456 880 3518 quos
952 3435 1004 3500 is
1074 3456 1294 3501 omnes
1359 3435 1850 3519 diligentissime
1916 3433 2390 3504 examinaverit,

158 3550 453 3633 Inprimis
515 3560 728 3617 autem
807 3538 1142 3638 ἀναγραφὴ
1208 3554 1338 3615 τῶν
1409 3553 1762 3638 ῥητορικῶν
1823 3572 1948 3616 non
2015 3551 2105 3615 ita
2160 3549 2394 3632 magna

157 3686 309 3730 cura
356 3666 532 3732 facta
577 3675 708 3751 est,
775 3668 1074 3749 quoniam
1125 3667 1236 3731 illa
1282 3674 1525 3751 aetate,
1589 3668 1696 3731 ubi
1746 3667 2130 3732 circumacta
2176 3666 2391 3730 turbu-

157 3783 329 3846 lenta
373 3782 486 3848 illa
533 3790 944 3867 tempestate,
1010 3804 1138 3865 qua
1199 3783 1371 3848 elata
1425 3783 1775 3848 est=libe1·a
1824 3783 2210 3870 Graecorum
2262 3802 2391 3847 res-

157 3898 447 3982 publica,
499 3918 717 3965 omnes
766 3920 989 3982 pacem
1037 3900 1431 3983 appetebant
1478 3906 1543 3964 et
1590 3898 2044 3965 desiderabant
2092 3898 2390 3982 quietem,

144 4016 239 4097 ,ab
273 4035 349 4079 eo
381 4014 708 4080 literarum
741 4036 995 4099 genere,
1031 4016 1228 4102 stirpe
1261 4036 1339 4080 ac
1371 4015 1613 4081 semine
1646 4016 1936 4099 gravium
1972 4015 2393 4099 procellarum

158 4139 222 4195 et
270 4151 477 4196 rerum
527 4152 852 4214 novarum,
903 4152 1024 4197 non
1075 4129 1264 4197 modo
1299 4132 1749 4216 Callimachus,
1800 4130 1914 4197 sed
1949 4130 2138 4195 etiam
2175 4150 2392 4195 omnes

157 4246 295 4311 eius
343 4248 649 4329 aequales
699 4246 886 4326 valde
935 4246 1383 4314 abhorrebant.

338 4370 519 4448 Quae
569 4392 710 4436 cum
757 4371 849 4437 ita
895 4372 1048 4457 sint,
1114 4373 1721 4438 Demosthenis
1770 4373 1862 4438 de
1914 4370 2392 4437 collectione

157 4510 199 4571 p
221 4510 248 4552 r
265 4509 301 4551 o
322 4509 358 4551 o
375 4507 410 4553 e
429 4488 626 4578 mior
642 4507 680 4553 u
703 4510 793 4573 m,
843 4508 1033 4571 quam
1067 4488 1551 4578 suppositiciam
1578 4510 1719 4554 esse
1754 4489 2007 4573 plurimi
2033 4489 2392 4612 criticorum

572 4594 576 4600 .
2000 4582 2032 4641 1
2348 4593 2352 4599 .

1069 4788 1606 4900 *7425884
