3052 5217
1666 625 1754 687 44

773 845 963 926 1424,
1013 841 1120 928 23]
1178 835 1288 906 διὰ
1333 833 1484 916 τοὺς
1539 831 1799 923 καιροὺς
1846 832 2031 900 ἐνίων
2094 832 2257 920 (scil.
2307 823 2628 916 πράξεων)
2676 818 2855 891 ὓπε-

591 956 864 1026 ναντίων
901 949 1126 1034 αὑταῖς
1176 996 1258 1004 —-
1307 954 1478 1039 quod
1512 961 1773 1039 propt-er
1804 961 2095 1035 tempora
2127 947 2469 1026 nonnullae
2503 944 2669 1028 (scil.
2704 945 2853 1026 res)

591 1085 738 1144 sunt
785 1076 951 1141 inter
996 1095 1066 1139 se
1115 1072 1491 1139 contrariae.
1543 1109 1625 1116 —

774 1193 963 1274 1424,
1013 1188 1120 1276 25]
1171 1189 1251 1253 ef.
1299 1209 1386 1252 or.
1437 1185 1697 1270 Olynth.
1747 1185 1858 1249 111.
1910 1186 2013 1265 33,
2060 1184 2162 1246 28.
2216 1219 2297 1226 -—

777 1309 966 1390 1425,
1021 1305 1212 1391 1-7]
1263 1305 1340 1370 ef.
1375 1324 1446 1368 or
1499 1302 1662 1366 Phil.
1698 1301 1808 1366 III.
1852 1301 1997 1382 110,
2038 1301 2118 1364 15
2152 1317 2290 1380 sqq.
2338 1304 2401 1361 et
2449 1315 2533 1358 or.
2572 1293 2848 1376 Olynth.

602 1425 707 1489 ΙΙΙ.
756 1424 874 1506 34,
945 1423 1025 1486 14
1071 1440 1247 1504 sqq.;
1308 1419 1457 1485 vide
1513 1418 1711 1484 etiam
1770 1436 2048 1500 prooem.
2102 1415 2237 1478 VII.
2291 1414 2489 1494 1423,
2552 1411 2723 1473 1-8
2774 1417 2853 1472 et

595 1560 871 1624 prooem.
922 1538 1124 1602 XVII.
1177 1539 1366 1620 1429,
1419 1537 1696 1598 17—21.
1747 1571 1828 1578 ——

1267 1693 1983 1779 Prooemium
2041 1693 2165 1772 X.

777 1845 966 1926 1425,
1006 1841 1110 1928 10]
1160 1835 1553 1927 προτιθέναι
1587 1875 1667 1882 ——
1702 1833 1974 1902 suba-udi
2010 1819 2175 1896 αὐτὰ
2212 1823 2323 1911 (τὰ
2356 1818 2703 1913 παρόντα).
2756 1865 2849 1872 ——

779 1961 968 2042 1425,
1025 1956 1124 2043 12]
1187 1945 1272 2032 ὡς
1320 1953 1391 2019 ἐκ
1447 1955 1577 2017 τῶν
1636 1947 2097 2038 ῥηθησομένων
2151 1935 2498 2026 δοκιμάσαι
2547 1939 2695 2007 δέον
2757 1981 2849 1988 -—

597 2076 782 2159 quasi
829 2095 910 2140 ex
955 2073 1055 2156 iis,
1105 2093 1271 2156 quae
1321 2070 1631 2153 dicentur,
1682 2064 2048 2150 eligendum
2094 2063 2195 2128 sit.
2247 2098 2327 2106 —-

780 2191 969 2273 1425,
1021 2188 1124 2274 14]
1176 2181 1356 2274 παρὰ
1401 2184 1517 2268 μὲν
1566 2179 1683 2271 γὰρ
1730 2185 1858 2246 τῶν
1906 2219 1988 2226 —-
2038 2171 2220 2265 παρὰ
2272 2199 2321 2254 e.
2363 2196 2507 2258 gen.
2544 2195 2659 2258 pro
2706 2163 2851 2236 ὑπὸ

599 2330 648 2374 e.
697 2328 838 2391 gen.
887 2305 1036 2371 vide
1084 2325 1362 2389 prooem.
1413 2302 1518 2365 Vl.
1575 2303 1765 2383 1422,
1820 2300 1917 2362 10.
1970 2334 2049 2342 ——-

781 2424 971 2505 1425,
1029 2419 1128 2506 18]
1195 2415 1334 2484 ἔστι
1397 2415 1469 2482 δὲ
1529 2405 1917 2501 ἁμαρτάνειν
1972 2409 2088 2494 μὲν
2150 2403 2557 2496 βουλομένων
2632 2443 2685 2450 -
2716 2493 2724 2498 ,⁴
2743 2413 2853 2470 est

599 2548 810 2605 autem
860 2557 1097 2621 eorum,
1147 2535 1257 2619 qui
1305 2555 1519 2601 errare
1568 2532 1807 2597 volunt.
1855 2567 1940 2575 —-

784 2656 974 2738 1425,
1025 2652 1132 2739 20]
1183 2654 1261 2718 ef.
1313 2671 1591 2735 prooem.
1639 2648 1863 2715 XVIII.
1919 2648 2106 2729 1430,
2156 2647 2214 2707 6.
2267 2680 2347 2687 ——

1239 2809 1957 2895 Prooemium
2014 2809 2118 2887 X
2118 2807 2203 2887 I.

787 2966 977 3049 1426,
1027 2963 1090 3051 3]
1138 2961 1292 3029 καθ’
1327 2953 1480 3027 ὅτου
1514 2958 1823 3025 πέπεικεν
1854 2955 2125 3033 ἕκαστος
2158 2946 2387 3019 ἑαυτὸν
2436 2990 2517 2997 —-
2566 2950 2859 3016 subaudi

601 3080 824 3167 λέγειν.
879 3120 954 3127 -

786 3198 976 3277 1426,
1026 3195 1088 3282 5]
1137 3191 1270 3277 ἔχοι
1305 3233 1386 3240 -
1421 3201 1628 3274 recte3
1675 3188 1731 3257 εἰ
1765 3188 1836 3255 δέ
1865 3186 1965 3265 τίς
2013 3212 2077 3251 τι
2126 3237 2142 3251 .
2170 3236 2184 3251 .
2213 3236 2227 3250 .
2256 3237 2269 3251 .
2319 3182 2529 3250 εἰπεῖν
2568 3178 2702 3263 ἔχοι
2754 3190 2862 3247 est

612 3312 1142 3381 convertendum:
1193 3331 1380 3375 wenn
1428 3310 1585 3374 aber
1626 3307 1803 3373 einer
1834 3313 2035 3371 etwas
2274 3321 2349 3365 zu
2398 3318 2600 3382 Sagen
2634 3297 2863 3363 haben

611 3430 800 3495 sollte
833 3429 968 3494 sive
1003 3448 1186 3494 wenn
1219 3401 1376 3491 aber
1407 3433 1577 3491 etwa
1608 3423 1784 3489 einer
1815 3430 2016 3487 etwas
2064 3472 2076 3485 .
2107 3469 2119 3483 .
2148 3473 2160 3484 .
2187 3471 2199 3485 .
2248 3437 2326 3481 zu
2356 3436 2559 3499 Sagen
2594 3412 2725 3479 hat.
2768 3452 2863 3461 —

797 3545 980 3649 1426,
1031 3542 1093 3629 5]
1141 3529 1642 3632 ἀποφαίνεσθαι
1690 3577 1771 3584 -
1821 3536 2060 3622 pendet
2106 3535 2187 3599 ab
2238 3533 2353 3597 δεῖ.
2404 3570 2486 3577 -
2582 3616 2591 3624 ·

1214 3698 1932 3785 Prooemium
1988 3697 2246 3777 XII.

797 3856 982 3938 1426,
1036 3852 1139 3940 15]
1200 3853 1278 3918 ef.
1330 3872 1418 3917 or.
1468 3850 1550 3915 de
1600 3870 1723 3916 eor.
1776 3850 1934 3932 319,
2004 3850 2083 3911 13
2148 3854 2212 3912 et
2260 3866 2345 3909 or.
2397 3844 2478 3909 de
2525 3842 2867 3927 Megalop.

609 3975 758 4055 210,
807 3974 911 4036 22.
962 4008 1044 4017 ——-

796 4089 984 4171 1426,
1020 4084 1128 4173 25]
1177 4076 1395 4170 ὥσπερ
1418 4072 1583 4167 ὑπὲρ
1610 4071 1863 4157 πόλεως
1889 4069 2203 4166 προσήκει
2235 4070 2733 4162 βουλευομένους
2772 4112 2867 4123 ——-

609 4204 696 4269 ad.
744 4193 1060 4289 προσήκει
1105 4197 1617 4267 subaudiendum
1666 4204 1764 4263 est
1818 4199 2221 4260 σκοπεῖσθαι
2277 4201 2341 4259 et
2388 4182 2551 4277 ὑπὲρ
2598 4181 2871 4269 πόλεως

612 4317 852 4405 pendet
913 4318 996 4383 ab
1058 4312 1586 4401 βουλευομένουςε
1652 4320 1720 4378 nt
1766 4332 1879 4380 eos
1927 4311 2142 4395 decet,
2208 4309 2317 4395 qui
2380 4309 2461 4374 de
2525 4306 2871 4391 republica

613 4436 994 4508 consultant.
1043 4469 1126 4484 —-
