3052 5217
1676 624 1763 690 34

595 835 733 903 sive
781 835 1024 904 eisdem
1071 836 1207 904 sive
1254 837 1570 904 similibus
1616 838 1830 904 verbis
1876 837 1944 903 in
1992 838 2137 905 aliis
2170 838 2567 906 orationibus
2608 845 2831 923 postea.

594 953 830 1020 habitis
877 961 1285 1038 repetuntur,
1351 952 1417 1018 id
1465 953 1624 1018 nihil
1673 961 1770 1020 est
1817 954 2062 1019 mirum.
2156 955 2321 1019 Nam
2370 954 2531 1021 haeo
2578 975 2829 1038 quoque

594 1069 934 1134 maximam
981 1077 1230 1154 partem
1290 1090 1370 1136 ex
1427 1070 1589 1136 loeis
1638 1071 2077 1136 communibus
2126 1078 2457 1155 constant,
2526 1069 2699 1137 unde
2745 1071 2829 1155 fit,

593 1192 664 1250 ut
709 1185 775 1250 in
822 1186 1214 1268 quibuslibet
1247 1186 1642 1252 orationibus
1676 1185 1969 1252 adhiberi
2004 1187 2342 1270 potuerint.

2442 1186 2572 1252 Sed
2615 1208 2831 1253 omnes

594 1305 726 1367 fere
758 1303 934 1368 looos
966 1301 1189 1367 horum
1222 1303 1691 1386 prooemiorum
1740 1301 1939 1368 nihilo
1989 1302 2195 1368 minus
2245 1322 2433 1384 quam
2485 1310 2831 1369 ceterorum

590 1417 657 1482 in
705 1417 849 1485 aliis
896 1417 1184 1502 partibus
1233 1418 1624 1501 orationum,
1673 1437 1799 1482 non
1848 1418 1914 1482 in
1962 1417 2305 1502 prooemiis
2354 1426 2696 1503 usurpatos
2742 1419 2829 1484 vi-

593 1533 834 1600 demus.
927 1534 1084 1599 Looi
1131 1541 1347 1600 autem
1395 1541 1545 1600 sunt
1593 1533 1693 1598 hi·

681 1649 1515 1733 Prooem.VII.1423,1:
1576 1645 1657 1714 Οι

590 1762 708 1848 μέν
738 1763 1169 1844 ἐπαινοῦντες,
1212 1790 1262 1829 ω
1295 1757 1353 1830 ά.
1382 1753 1475 1831 A.
1507 1789 1665 1842 τους-

592 1871 950 1967 προγόνους
993 1871 1170 1963 ὑμῶν
1217 1872 1410 1966 λόγον
1449 1879 1659 1947 εἰπεῖν

589 2020 704 2078 μοι
752 1997 1016 2061 δοκοῦσι
1059 2001 1525 2084 προαιρεῖσθαι
1556 2021 1658 2062 κε-

587 2109 984 2197 χαρισμένον,
1005 2099 1078 2178 οὗ
1093 2105 1222 2199 μὴν
1247 1959 1716 2200 συμφέροντά,

589 2251 660 2313 γε
705 2224 991 2307 ἐκείνοις,
1041 2215 1150 2305 οὓς
1191 2220 1656 2314 ἐγκωμιάζουσι

591 2347 821 2410 ποιεῖν.
870 2342 1022 2429 περὶ
1057 2337 1196 2429 ’γὰρ
1258 2335 1658 2430 πραγμάτων

589 2459 1010 2546 ἐγχειροῦντες
1037 2485 1044 2492 ·
1071 2447 1159 2524 ὧν
1219 2447 1352 2524 οὐδ’
1427 2449 1504 2524 ἂν
1566 2449 1657 2536 εἷς

589 2563 783 2655 ἇξίως
835 2572 1184 2665 ἐφικέσθαι
1242 2567 1508 2641 δύναιτο
1565 2599 1656 2662 τι)

588 2684 778 2779 λόγῳ,
813 2679 1002 2757 αὐτοὶ
1033 2691 1150 2775 μέν
1180 2694 1298 2757 τοῦ
1329 2682 1656 2757 δύνασθαι

588 2805 793 2894 λέγειν
840 2800 1032 2887 δόξαν
1078 2804 1455 2896 ἐκφέρονται
1476 2857 1490 2886 ,
1540 2800 1657 2893 τὴν

587 2922 643 2988 δ’
689 2920 949 2989 ἐκείνων
987 2910 1216 3011 ἀρετὴν
1247 2914 1494 2989 ἐλάττω
1541 2924 1656 3009 τῆς

585 3029 1061 3127 ὑπειλημμένης
1086 3033 1267 3126 παρὰ
1298 3042 1438 3115 τοῖς
1462 3025 1656 3103 ἀκού-

589 3177 730 3221 ουσι
794 3150 1152 3243 φαίνεσθαι
1223 3156 1524 3219 ποιοῦσιν
1594 3163 1652 3218 et

588 3291 866 3356 prooem.
929 3272 1038 3335 lX.
1095 3274 1291 3355 1425,
1361 3273 1528 3335 1--7
1593 3279 1655 3336 et

587 3408 869 3471 prooem.
917 3387 1119 3452 XVII.
1160 3388 1350 3469 1429,
1395 3389 1652 3451 17—21

587 3511 651 3569 et
699 3523 978 3586 prooem.
1015 3502 1289 3569 XXXII.
1333 3503 1518 3585 1441,
1575 3504 1649 3566 11

590 3621 771 3684 -13
852 3626 916 3684 et
991 3638 1266 3702 prooem.
1346 3618 1653 3683 XXXIII.

591 3737 780 3819 1442,
831 3736 1111 3800 24—30.

1858 1650 2031 1716 Orat.
2095 1649 2255 1714 Phil.
2319 1651 2432 1715 111.
2487 1653 2646 1734 110,
2719 1655 2831 1716 15:

1767 1756 2023 1852 εὗήσετε
2078 1759 2187 1830 διὰ
2244 1789 2395 1843 τους
2453 1763 2832 1852 χαρίζεσθαι

1766 1873 2083 1964 μᾶλλον3
2058 1907 2095 1968 η
2147 1875 2231 1946 τὰ
2276 1878 2587 1967 βέλτιστα
2633 1879 2834 1968 λέγειν

1710 1959 2334 2182 ,προαιρουμένους,
2382 2023 2469 2062 ων
2500 2021 2669 2074 τινες
2699 1995 2831 2080 μὲν,

1768 2139 1805 2176 α
1865 2138 1921 2178 α.
1963 2101 2081 2192 'A.‚
2130 2112 2195 2179 ἐν
2242 2103 2350 2190 οἷς
2386 2101 2833 2194 ευόοκιμοῧσιν

1768 2215 1954 2293 αυτοὶ
2023 2226 2134 2293 καὶ
2210 2220 2550 2309 δύνανται,
2629 2230 2835 2293 ταῦτα

1768 2335 2200 2430 φυλάττοντες
2293 2331 2597 2427 οὗὸεμίαν
2685 2341 2834 2429 περὶ

1767 2461 1895 2524 τῶν
1924 2452 2291 2542 μελλόντων
2316 2453 2631 2548 πρόνοιαν
2658 2455 2837 2542 ἔχου-

1766 2598 1869 2642 σιν
1924 2601 1983 2641 κ.
2031 2599 2086 2640 τ.
2137 2575 2193 2641 λ.
2255 2584 2318 2643 et
2373 2583 2529 2643 orat.
2592 2576 2677 2643 de
2727 2576 2832 2641 lib.

1765 2691 1967 2757 Rhod.
2014 2694 2161 2777 201,
2198 2696 2270 2758 2:
2318 2690 2837 2775 ἐνθγυμουμένους

1762 2799 1869 2872 ὅτι
1896 2804 2130 2893 χαίρετ’
2156 2796 2517 2889 ἀκούοντες,
2552 2799 2713 2873 ὅταν
2738 2831 2839 2883 τις

1764 2922 1999 3011 ἐπαινῇ
2054 2917 2205 3001 τοὺς
2252 2915 2610 3009 προγόνους
2657 2913 2840 3006 ὑμῶν

1764 3038 1875 3103 καὶ
1936 3033 2019 3103 τὰ
2076 3036 2503 3125 πεπραγμένα
2564 3035 2841 3115 ἐκείνοις

1766 3151 1965 3242 διεξίῃ
1998 3153 2103 3221 καὶ
2137 3149 2221 3220 τὰ
2251 3146 2541 3241 τρόπαια
2573 3152 2733 3243 λέγῃ
2777 3163 2840 3220 et

1767 3278 1923 3335 orat.
1998 3269 2258 3355 Olynth,
2340 3272 2443 3341 ΙΙΙ.
2516 3274 2638 3354 34,
2721 3274 2840 3335 14;

1765 3374 1931 3451 ἀλλὰ
1984 3382 2239 3451 δικαίου
2298 3382 2581 3450 πολίτου
2635 3382 2843 3473 κρίνω

1763 3496 1882 3589 τὴν
1912 3504 2041 3567 τῶν
2072 3493 2473 3588 πραγμάτων
2506 3499 2845 3589 σωτηρίαν

1764 3606 1907 3683 ἇντὶ
1952 3619 2068 3704 τῆς
2113 3616 2178 3682 ἐν
2208 3618 2302 3703 τῷ
2332 3614 2539 3702 λέγειν
2568 3609 2847 3701 χάριτος

1763 3730 2113 3822 αιρεῖσθαι.
2168 3729 2280 3797 καὶ
2334 3725 2454 3819 γὰρ
2514 3726 2671 3825 τοὺς
2724 3730 2847 3798 ἐπὶ

1761 3851 1890 3914 τῶν
1937 3838 2273 3935 προγόνων
2304 3837 2487 3936 ἡμῶν
2520 3844 2849 3933 λέγοντας

1760 3952 1994 4043 ακούω,
2042 3956 2261 4049 ὥσπερ
2308 3961 2420 4027 καὶ
2463 3953 2668 4046 ὑμεῖς,
2734 3952 2850 4041 οὓς

1761 4078 2101 4144 ἐπαινοῦσι
2168 4077 2285 4161 μὲν
2356 4074 2417 4143 οἱ
2481 4072 2852 4167 παριόντες

1760 4216 2044 4271 απαντες
2088 4218 2143 4261 κ.
2169 4218 2223 4260 τ.
2248 4194 2304 4261 λ.
2353 4202 2415 4261 et
2464 4202 2623 4262 orat.
2669 4196 2852 4262 Phil.

1762 4311 1838 4376 ΙΙ.
1888 4311 1999 4394 68,
2062 4314 2167 4377 17:
2231 4308 2343 4373 καὶ
2396 4304 2563 4392 μετὰ
2618 4314 2856 4377 ταῦτα

1763 4416 2129 4511 πράξαντας
2158 4423 2349 4489 ταῦθ’
2377 4413 2420 4489 ἃ
2446 4416 2700 4504 πάντες
2726 4427 2857 4513 μὲν
