3052 5217
1715 663 1753 723 6

794 874 1181 941 Kiesslin
1203 875 1392 958 gius
1435 876 1766 958 quideml.
1801 878 1839 942 l.
1877 877 1940 941 in
1975 877 2073 943 his
2109 878 2449 962 prooemiis
2483 899 2608 942 non
2645 897 2867 961 pauca

615 990 1110 1056 exorationibus
1135 992 1500 1076 Lycurgi,
1535 983 1907 1078 Pytheae,
1945 995 2383 1079 MoerocliS,
2417 995 2861 1080 Polyeucti,

616 1107 1104 1192 Hypereidis
1152 1109 1546 1191 aliorumque
1580 1110 1741 1192 (scil.
1778 1130 2045 1192 quorum
2078 1110 2400 1176 orationes
2444 1120 2591 1177 sunt
2624 1110 2860 1196 deper-

617 1223 822 1308 ditae)
856 1245 997 1290 esse
1031 1224 1392 1289 arbitratur.
1473 1225 1606 1290 Sed
1637 1226 1775 1290 fieri
1818 1247 1941 1290 non
1977 1235 2207 1311 potest,
2243 1235 2311 1292 ut
2344 1248 2503 1310 eum,
2551 1227 2660 1310 qui
2693 1228 2862 1292 haee

616 1340 945 1423 prooemia
993 1341 1266 1425 collegit,
1317 1341 1641 1406 orationes
1690 1341 1953 1407 istorum
1989 1329 2381 1409 orationibus
2432 1345 2742 1428 Lysiae
2792 1352 2860 1408 et

615 1456 830 1522 Isaei
863 1463 927 1522 et
965 1457 1340 1523 lsocratis
1375 1464 1437 1523 et
1472 1443 2027 1524 Demosthenis
2053 1460 2503 1544 praeposuisse
2538 1469 2854 1544 putemus.

795 1572 939 1650 Qua
992 1572 1072 1638 de
1121 1594 1188 1637 re
1243 1573 1867 1658 Kiesslingium
1917 1597 2039 1640 non
2089 1584 2261 1642 recte
2310 1577 2608 1660 sensisse,
2659 1562 2857 1642 etia‘m

616 1688 972 1754 Rankius
1020 1689 1353 1773 intellexit,
1403 1690 1513 1773 qui
1561 1692 1626 1775 (l.
1666 1692 1697 1756 Ι.
1731 1712 1793 1775 p.
1833 1695 1976 1774 118,
2011 1692 2340 1774 Anmerk.)
2377 1693 2624 1758 notavit
2653 1693 2853 1775 illum,

618 1826 756 1870 cum
807 1805 1120 1870 neminem
1168 1805 1358 1870 alium
1410 1815 1729 1873 oratorum
1777 1808 2169 1874 nominasset
2217 1808 2338 1875 nisi
2389 1830 2535 1893 eOS,
2586 1827 2854 1892 quorum

522 1922 529 1929 “
617 1923 940 1988 orationes
988 1923 1089 1987 vel
1139 1943 1398 2005 prorsus
1445 1925 1545 1988 vel
1594 1924 1931 1988 maximam
1982 1932 2227 2007 partem
2274 1925 2566 2009 perditae
2614 1935 2850 2008 essent,

551 2115 565 2129 ο
618 2038 824 2122 ipsum
874 2039 1271 2122 cognovisse,
1323 2060 1510 2121 quam
1558 2041 1877 2105 sententia
1924 2061 2042 2104 sua
2089 2048 2260 2106 esset
2305 2062 2489 2106 vana.

799 2154 927 2220 Sed
995 2154 1151 2237 quid
1216 2176 1296 2220 ex
1359 2155 1753 2221 orationibus
1820 2155 2117 2239 colligere
2180 2157 2559 2240 prooemia?
2615 2214 2620 2221 .
2668 2157 2850 2236 Quod

618 2273 831 2337 facere
879 2278 978 2336 est
1025 2271 1404 2355 insipientiS,
1455 2272 1577 2336 nisi
1624 2293 1665 2336 a
1710 2272 2018 2355 magistro
2067 2273 2341 2355 quodam
2377 2274 2535 2340 artis
2584 2273 2846 2340 rhetori-

619 2408 758 2470 cae,
827 2394 894 2452 ut
957 2387 1496 2470 Kiesslingio
1556 2389 1594 2452 l.
1644 2389 1681 2452 l.
1730 2387 2012 2472 videtur,
2078 2409 2155 2453 ea
2211 2388 2296 2454 ad
2361 2390 2848 2456 exercitationes

618 2502 931 2568 oratorias
981 2504 1250 2568 collecta
1297 2523 1438 2568 esse
1487 2524 1837 2568 censemus,

799 2623 1096 2685 Attamen
1129 2619 1350 2684 dubito
1384 2641 1464 2684 an
1499 2642 1537 2683 a
1569 2621 1740 2686 nullo
1776 2621 1935 2687 haec
1983 2622 2311 2705 prooemia
2357 2622 2484 2687 sint
2532 2623 2847 2706 exquisita

618 2736 888 2801 rhetore.
984 2736 1148 2800 Nam
1213 2735 1517 2819 optimum
1583 2736 1862 2820 quidque
1926 2738 2295 2821 magistrum
2344 2738 2678 2823 discipulis
2726 2749 2842 2805 tra-

619 2852 772 2918 dere
820 2850 1218 2935 imitandum‚
1271 2852 1413 2934 quis
1462 2860 1578 2935 est,
1631 2853 1741 2935 qui
1786 2854 2083 2919 nesciat?

796 2970 1035 3032 Horum
1084 2975 1296 3033 autem
1348 2968 1842 3054 prooemiorum,
1908 2978 1977 3035 ut
2022 2970 2191 3035 infra
2238 2993 2659 3057 exponemus,
2711 2993 2842 3056 per-

620 3085 820 3149 multa
883 3093 1029 3149 sunt
1093 3105 1217 3149 non
1280 3085 1373 3150 ita
1436 3084 1665 3168 digna,
1730 3107 1896 3169 quae
1955 3087 2289 3152 imitemur.
2382 3090 2608 3171 ltaque
2655 3090 2845 3153 multo

618 3201 966 3267 illustriora
1013 3208 1076 3266 et
1123 3200 1566 3283 splendidiora
1613 3210 1677 3266 et
1723 3202 2139 3287 elegantiora,
2188 3224 2353 3285 quae
2403 3212 2535 3269 tum
2582 3205 2849 3288 plurima

619 3318 894 3402 fuerunt,
944 3317 1335 3401 exemplaria
1384 3316 1561 3382 illum
1608 3318 1979 3401 magistrum
2014 3318 2347 3403 discipulis
2381 3323 2845 3404 propositurum

619 3434 819 3499 fuisse
866 3433 1052 3499 nobis
1101 3441 1198 3498 est
1245 3433 1614 3518 putandum.

798 3551 898 3613 An
932 3549 1094 3614 haec
1128 3549 1455 3632 prooemia
1488 3549 1824 3632 quisquam
1867 3571 1947 3614 ex
1995 3551 2389 3617 orationibus
2440 3552 2846 3636 complurium

621 3672 943 3731 oratorum
1007 3665 1374 3749 exscripsit,
1439 3673 1507 3731 ut
1570 3687 1645 3731 ea
1692 3667 2144 3732 Demosthenis
2207 3668 2461 3733 nomine
2527 3666 2848 3751 adscripta

623 3783 672 3847 O
689 3783 767 3846 al
786 3782 919 3846 lim
939 3803 980 3846 a
998 3804 1031 3847 6
1051 3781 1087 3844 h
1108 3804 1144 3847 o
1194 3782 1432 3866 optime
1478 3782 1835 3848 venderet?

800 3897 1062 3963 Minime
1093 3917 1262 3964 vero.
1347 3898 1526 3976 Quae
1563 3897 1822 3981 quidem
1868 3898 2044 3964 illum
2077 3899 2299 3964 fallere
2336 3920 2459 3965 non
2491 3907 2842 3983 potuerunt.

619 4016 786 4079 Nam
835 4035 976 4081 cum
1023 4014 1182 4079 haec
1228 4014 1584 4099 prooemia,
1652 4022 1716 4080 ut
1763 4036 1957 4099 supra
2004 4015 2425 4099 ostendimus,
2481 4016 2609 4081 sint
2654 4017 2846 4102 δημη-

621 4125 872 4217 γορικὰ,
939 4131 1255 4215 sequitur,
1321 4138 1388 4195 ut
1439 4152 1516 4196 ea
1564 4152 1644 4196 ex
1707 4130 2101 4196 orationibus
2150 4131 2574 4198 exscribenda
2620 4131 2847 4197 fuerint

605 4247 1053 4351 popularibus.
1149 4246 1277 4312 Sed
1310 4247 1451 4312 fieri
1484 4269 1609 4311 non
1644 4248 1867 4332 potuit,
1919 4255 1986 4312 ut
2032 4248 2574 4313 Callimachus
2624 4249 2845 4313 Demo-

519 4452 525 4457 ·
621 4362 911 4428 sthenem
958 4370 1051 4428 tot
1099 4364 1421 4430 orationes
1470 4364 1811 4451 populares
1827 4414 1842 4448 ,
1905 4384 2065 4449 quas
2112 4363 2469 4448 ignoraret,
2520 4364 2846 4450 scripsisse

621 4484 893 4566 putaret.
