3052 5217
199 1995 292 2057 ea,
342 1994 513 2058 quae
561 1983 930 2058 sequuntur,
979 1975 1237 2058 saepius
1284 1973 1600 2039 dissident
1647 1994 1687 2038 a
1733 1973 2067 2057 prioribus,

378 2115 565 2195 Quod
601 2112 727 2182 ia'm
761 2125 824 2182 et
856 2117 1033 2200 prius
1080 2117 1420 2182 Wolfius
1468 2126 1663 2199 atque
1714 2117 1786 2181 G.
1822 2117 1898 2180 H.
1951 2114 2437 2182 Schaeferus

201 2234 339 2316 (1.1.
377 2255 437 2317 p.
473 2233 853 2318 661-721)
902 2240 964 2298 et
1012 2254 1214 2318 nuper
1262 2233 1653 2298 Blassius
1704 2233 1772 2317 (l.
1799 2232 1835 2297 l.
1863 2253 1921 2316 p.
1947 2235 2078 2298 282
2103 2231 2436 2315 Anmerk.)

201 2351 671 2433 intellexerunt,
722 2351 1132 2434 quamobrem
1182 2371 1259 2414 ea
1306 2349 1650 2434 prooemia,
1702 2369 1866 2431 quae
1903 2347 2248 2414 admodum
2295 2349 2440 2414 fusa

201 2474 343 2533 sunt
393 2474 504 2532 aut
551 2467 615 2530 in
664 2466 894 2550 quibus
943 2466 1262 2550 posterius
1319 2488 1440 2531 non
1489 2466 1583 2530 ita
1626 2464 1819 2531 valde
1875 2466 2172 2531 convenit
2220 2465 2436 2550 priori,

203 2583 458 2649 codices
506 2582 737 2668 partim
786 2582 1008 2667 secuti,
1061 2582 1171 2666 qui
1217 2582 1343 2667 ipsi
1392 2581 1471 2647 de
1520 2602 1782 2648 numero
1815 2582 1982 2649 inter
2014 2603 2083 2650 se
2130 2603 2255 2649 non
2290 2603 2438 2649 con-

203 2708 453 2784 gruunt,
510 2700 574 2765 in
627 2700 808 2783 plura
856 2708 1002 2765 sunt
1049 2699 1285 2783 partiti.
1388 2702 1609 2781 ltaque
1656 2699 1749 2763 illi
1783 2720 1863 2765 ex
1911 2699 2194 2766 editione
2242 2700 2434 2765 Din-

204 2815 455 2881 dorfii
503 2816 833 2900 prooemia
880 2817 936 2899 I,
994 2816 1075 2899 11,
1124 2816 1344 2899 XXII,
1397 2816 1596 2899 XXV,
1646 2817 1873 2900 XLIV,
1920 2817 2129 2881 XLVI
2175 2816 2241 2881 in
2286 2816 2434 2902 duo,

206 2932 596 3013 prooemium
645 2932 860 2997 XXIII
908 2933 973 2997 in
1021 2933 1145 2997 tria
1192 2931 1564 3015 diviserunt,
1616 2940 1683 2998 ut
1730 2934 2055 2999 vocabulis
2104 2919 2214 2999 οὖν
2261 2943 2326 3001 et
2368 2933 2441 3001 δέ

203 3046 430 3115 deletis
479 3068 648 3118 nova
694 3048 1025 3115 ordiantur
1082 3049 1146 3113 in
1203 3049 1529 3132 prooemio
1577 3050 1636 3132 l,
1707 3051 1900 3133 1418,
1956 3052 2042 3113 22
2105 3070 2146 3115 a
2189 3051 2437 3119 verbis:

202 3160 253 3227 εἰ
295 3162 419 3247 μὲν
464 3157 588 3246 εἶχε
619 3165 850 3242 καλῶς,
898 3166 962 3229 in
995 3185 1271 3249 prooem.
1309 3165 1388 3247 ΙΙ,
1438 3167 1627 3248 1420,
1683 3168 1758 3229 11
1809 3185 1850 3229 a
1879 3164 2148 3231 verbisz-
2176 3159 2253 3230 τὸ
2299 3164 2437 3247 μέν,

203 3264 250 3341 ὦ
295 3271 358 3345 ὅ.
400 3266 520 3359 'A.,
565 3275 650 3367 μὴ
705 3272 908 3345 πάνθ’
959 3270 1062 3360 ὡς,
1096 3257 1173 3344 =⁸in
1214 3301 1492 3366 prooem.
1534 3280 1739 3364 XXII,
1778 3282 1965 3364 1433,
2008 3284 2085 3345 16
2119 3302 2160 3346 a
2188 3281 2437 3349 verbis:

199 3389 304 3482 χρὴ
360 3394 478 3477 μὲν
525 3388 728 3473 οὕτως
775 3389 1073 3474 ἅπαντας
1119 3392 1297 3478 ἔχειν,
1357 3397 1420 3460 in
1470 3417 1748 3481 prooem.
1794 3397 1997 3480 XXV,
2050 3400 2253 3482 1436,
2310 3400 2346 3464 7
2397 3419 2438 3463 a

203 3511 448 3576 verbis:
512 3509 568 3577 εἰ
612 3510 733 3594 μὲν»
775 3503 1112 3600 εὑρημένον
1156 3500 1236 3598 ἦν
1283 3514 1454 3591 πῶς,
1513 3512 1580 3577 in
1629 3534 1908 3598 prooem.
1955 3513 2191 3599 XLIV,
2247 3517 2437 3599 1451,

207 3631 276 3691 17
329 3648 374 3693 a
418 3628 659 3694 verbis:
720 3625 776 3693 εἰ
822 3626 939 3711 μὲν
986 3621 1270 3706 ἅπαντες
1317 3620 1730 3714 ἐγιγνώσκετε
1775 3616 1999 3709 ταύτά,
2050 3631 2111 3694 in
2159 3651 2437 3715 prooem.

2187 3733 2205 3759 >

201 3743 427 3828 XLVI,
482 3747 668 3829 1454,
719 3748 757 3809 6
806 3766 845 3809 a
891 3744 1141 3810 verbis:
1197 3741 1552 3831 βουλοίμην
1598 3735 1676 3809 ἷὶν
1721 3735 1919 3827 ὑμᾶς,
1986 3733 2037 3810 ὦ
2083 3737 2143 3811 ἷὶ.
2186 3751 2315 3827 Λ.,
2370 3747 2437 3811 in

207 3971 366 4031 1461,
419 3972 480 4021 7:
529 3962 760 4018 ἐπειδὰν
807 3964 835 4016 ὁ
875 3963 1029 4015 δεῖνα
1076 3963 1356 4032 εὐδαίμων
1403 3970 1492 4015 καὶ
1537 3964 1565 4016 ὁ
1604 3963 1758 4016 δεῖνα
1798 3964 1927 4033 ὑμῖν
1964 3960 2027 4039 ᾗς
2073 3984 2148 4021 or.
2194 3972 2322 4033 172,
2371 3973 2437 4023 8:

205 4052 255 4103 οἱ
289 4051 335 4105 δ’
376 4051 529 4107 ἄλλοι
566 4050 833 4129 μάρτυρες
870 4054 964 4118 τῆς
1001 4050 1219 4105 τούτων
1257 4052 1612 4122 εὐδαιμονίας
1651 4049 1911 4120 κάθησθε
1948 4060 2005 4109 et·
2040 4073 2119 4126 pr.
2163 4061 2324 4122 1461,
2378 4062 2435 4111 8:

205 4142 255 4192 οἱ
290 4140 350 4194 δ’·
377 4141 530 4195 ἄλλοι
569 4150 810 4214 πΔεριίητε
851 4139 918 4194 τὰ
958 4138 1176 4195 τούτων
1213 4140 1406 4216 ἀγαθὰ
1449 4141 1746 4209 ζηλοῦντες.
1827 4144 1906 4198 Cf.
1942 4146 2103 4199 etiam
2131 4162 2204 4198 or.
2232 4146 2296 4199 do
2326 4163 2434 4216 rep.

203 4232 312 4287 ord.
356 4238 469 4299 170,
517 4239 577 4290 2:
631 4230 778 4285 οὕτω
819 4230 990 4285 πολλὰ
1037 4238 1127 4284 καὶ
1168 4232 1342 4304 ψευδῆ·
1382 4238 1472 4283 καὶ
1511 4227 1699 4284 πάντα
1736 4230 1945 4300 μᾶλλον
1993 4230 2025 4299 ἢ
2064 4228 2130 4285 τὰ
2179 4231 2437 4301 βέλτιστα

205 4314 426 4372 ἀκούειν
473 4322 809 4375 συνεμθισθε
857 4328 911 4377 θ’(
949 4342 1176 4392 prooem.
1215 4324 1330 4377 XV.
1377 4328 1537 4388 1428,
1596 4329 1687 4378 16:
1738 4318 1886 4374 οὕτω
1925 4318 2095 4374 πολλὰ
2133 4328 2221 4373 καὶ
2260 4320 2435 4394 ψευδῆ

207 4414 292 4458 καὶ
331 4405 515 4462 πάντα
553 4409 759 4479 μᾶλλον
786 4408 815 4476 ἢ
844 4407 911 4462 τὰ
938 4409 1193 4480 βέλτιστα
1232 4419 1343 4467 rof„-
1383 4406 1669 4485 πράγμασι
1707 4412 2074 4464 συνειθίσθαι
2110 4433 2206 4481 μοι
2231 4409 2437 4465 δοκεῖτε

203 4492 438 4551 ἀκούειν.
