<?xml version="1.0" encoding="UTF-8"?>
<!DOCTYPE html PUBLIC "-//W3C//DTD XHTML 1.0 Transitional//EN"
    "http://www.w3.org/TR/xhtml1/DTD/xhtml1-transitional.dtd">
<html xmlns="http://www.w3.org/1999/xhtml" xml:lang="en" lang="en">
 <head>
  <title>
</title>
<meta http-equiv="Content-Type" content="text/html;charset=utf-8" />
  <meta name='ocr-system' content='tesseract 3.04.00' />
  <meta name='ocr-capabilities' content='ocr_page ocr_carea ocr_par ocr_line ocrx_word'/>
</head>
<body>
  <div class='ocr_page' id='page_1' title='image "./demosthenisdeco01reicgoog_0035.png"; bbox 0 0 3052 5217; ppageno 0'>
   <div class='ocr_carea' id='block_1_1' title="bbox 197 896 2470 3197">
    <p class='ocr_par' dir='ltr' id='par_1_1' title="bbox 1330 896 2465 2368">
     <span class='ocr_line' id='line_1_1' title="bbox 1330 896 2458 995; baseline -0.004 -20"><span class='ocrx_word' id='word_1_1' title='bbox 1330 912 1334 995; x_wconf 64' lang='grc' dir='ltr'><strong>ξ</strong></span> <span class='ocrx_word' id='word_1_2' title='bbox 1394 912 1539 994; x_wconf 89' lang='grc'><strong>106,</strong></span> <span class='ocrx_word' id='word_1_3' title='bbox 1592 911 1665 974; x_wconf 87' lang='lat'><em>6:</em></span> <span class='ocrx_word' id='word_1_4' title='bbox 1722 907 1829 973; x_wconf 85' lang='grc' dir='ltr'><em>καὶ</em></span> <span class='ocrx_word' id='word_1_5' title='bbox 1877 899 1998 994; x_wconf 83' lang='grc' dir='ltr'><em>γάρ</em></span> <span class='ocrx_word' id='word_1_6' title='bbox 2057 929 2162 971; x_wconf 88' lang='grc' dir='ltr'><em>τοι</em></span> <span class='ocrx_word' id='word_1_7' title='bbox 2209 896 2458 970; x_wconf 72' lang='grc' dir='ltr'><em>τούτων</em></span> 
     </span>
     <span class='ocr_line' id='line_1_2' title="bbox 1330 1015 2457 1110; baseline -0.007 -18"><span class='ocrx_word' id='word_1_8' title='bbox 1330 1032 1334 1073; x_wconf 78' lang='lat'><strong>¹</strong></span> <span class='ocrx_word' id='word_1_9' title='bbox 1387 1026 1504 1110; x_wconf 76' lang='grc' dir='ltr'><em>μὲν</em></span> <span class='ocrx_word' id='word_1_10' title='bbox 1580 1025 1651 1091; x_wconf 78' lang='grc' dir='ltr'><em>ἐκ</em></span> <span class='ocrx_word' id='word_1_11' title='bbox 1722 1025 1996 1106; x_wconf 80' lang='grc' dir='ltr'><em>πτωχῶν</em></span> <span class='ocrx_word' id='word_1_12' title='bbox 2073 1018 2232 1087; x_wconf 71' lang='grc' dir='ltr'><em>ἔνιοι</em></span> <span class='ocrx_word' id='word_1_13' title='bbox 2301 1015 2457 1103; x_wconf 73' lang='grc' dir='ltr'><em>ταχὺ</em></span> 
     </span>
     <span class='ocr_line' id='line_1_3' title="bbox 1331 1130 2459 1226; baseline -0.004 -20"><span class='ocrx_word' id='word_1_14' title='bbox 1331 1130 1335 1193; x_wconf 76' lang='grc' dir='ltr'><strong>Ῑ</strong></span> <span class='ocrx_word' id='word_1_15' title='bbox 1392 1134 1692 1207; x_wconf 68' lang='grc' dir='ltr'><em>πλούσιοι</em></span> <span class='ocrx_word' id='word_1_16' title='bbox 1746 1132 2034 1226; x_wconf 78' lang='grc' dir='ltr'><em>γεγόνασι</em></span> <span class='ocrx_word' id='word_1_17' title='bbox 2088 1165 2144 1203; x_wconf 85' lang='grc' dir='ltr'><em>κ.</em></span> <span class='ocrx_word' id='word_1_18' title='bbox 2189 1162 2243 1203; x_wconf 87' lang='grc' dir='ltr'><em>τ.</em></span> <span class='ocrx_word' id='word_1_19' title='bbox 2288 1138 2345 1202; x_wconf 91' lang='grc' dir='ltr'><em>λ.</em></span> <span class='ocrx_word' id='word_1_20' title='bbox 2396 1144 2459 1202; x_wconf 84' lang='lat' dir='ltr'><em>et</em></span> 
     </span>
     <span class='ocr_line' id='line_1_4' title="bbox 1332 1254 2457 1337; baseline -0.006 -14"><span class='ocrx_word' id='word_1_21' title='bbox 1332 1258 1336 1315; x_wconf 75' lang='grc' dir='ltr'>ἱ</span> <span class='ocrx_word' id='word_1_22' title='bbox 1390 1257 1617 1323; x_wconf 86' lang='lat' dir='ltr'><strong>eadem</strong></span> <span class='ocrx_word' id='word_1_23' title='bbox 1650 1258 1851 1323; x_wconf 85' lang='lat' dir='ltr'><strong>verba</strong></span> <span class='ocrx_word' id='word_1_24' title='bbox 1881 1257 1945 1320; x_wconf 92' lang='lat' dir='ltr'><em>in</em></span> <span class='ocrx_word' id='word_1_25' title='bbox 1981 1264 2139 1322; x_wconf 82' lang='lat' dir='ltr'><strong>orat.</strong></span> <span class='ocrx_word' id='word_1_26' title='bbox 2179 1254 2457 1337; x_wconf 85' lang='lat' dir='ltr'><strong>Philipp.</strong></span> 
     </span>
     <span class='ocr_line' id='line_1_5' title="bbox 1333 1348 2457 1457; baseline -0.011 -11"><span class='ocrx_word' id='word_1_27' title='bbox 1333 1348 1337 1446; x_wconf 54' lang='lat' dir='ltr'><strong>i</strong></span> <span class='ocrx_word' id='word_1_28' title='bbox 1393 1376 1494 1441; x_wconf 91' lang='lat' dir='ltr'><em>1V.</em></span> <span class='ocrx_word' id='word_1_29' title='bbox 1562 1377 1721 1457; x_wconf 85' lang='lat'>149,</span> <span class='ocrx_word' id='word_1_30' title='bbox 1787 1375 1900 1455; x_wconf 76' lang='lat'><em>173</em></span> <span class='ocrx_word' id='word_1_31' title='bbox 1966 1378 2125 1438; x_wconf 80' lang='lat' dir='ltr'><strong>orat.</strong></span> <span class='ocrx_word' id='word_1_32' title='bbox 2185 1370 2265 1436; x_wconf 88' lang='lat' dir='ltr'><em>de</em></span> <span class='ocrx_word' id='word_1_33' title='bbox 2333 1391 2457 1435; x_wconf 81' lang='lat' dir='ltr'><strong>oor.</strong></span> 
     </span>
     <span class='ocr_line' id='line_1_6' title="bbox 1333 1452 2463 1573; baseline -0.008 -16"><span class='ocrx_word' id='word_1_34' title='bbox 1333 1452 1338 1557; x_wconf 56' lang='lat' dir='ltr'><strong>i</strong></span> <span class='ocrx_word' id='word_1_35' title='bbox 1393 1494 1543 1573; x_wconf 82' lang='lat'>271,</span> <span class='ocrx_word' id='word_1_36' title='bbox 1586 1495 1651 1555; x_wconf 90' lang='lat'><em>1:</em></span> <span class='ocrx_word' id='word_1_37' title='bbox 1714 1480 2035 1566; x_wconf 74' lang='grc' dir='ltr'><em>πλούσιος</em></span> <span class='ocrx_word' id='word_1_38' title='bbox 2082 1486 2153 1552; x_wconf 76' lang='grc' dir='ltr'><em>ἐκ</em></span> <span class='ocrx_word' id='word_1_39' title='bbox 2200 1487 2463 1568; x_wconf 77' lang='grc' dir='ltr'>πτωχοῦ</span> 
     </span>
     <span class='ocr_line' id='line_1_7' title="bbox 1334 1578 2459 1691; baseline -0.006 -18"><span class='ocrx_word' id='word_1_40' title='bbox 1334 1578 1338 1673; x_wconf 60' lang='lat' dir='ltr'><strong>i</strong></span> <span class='ocrx_word' id='word_1_41' title='bbox 1392 1602 1502 1672; x_wconf 80' lang='grc' dir='ltr'><em>διὰ</em></span> <span class='ocrx_word' id='word_1_42' title='bbox 1558 1604 1860 1671; x_wconf 50' lang='lat' dir='ltr'><em>voi-comi</em></span> <span class='ocrx_word' id='word_1_43' title='bbox 1931 1595 2235 1691; x_wconf 77' lang='grc' dir='ltr'><em>γεγονώςς</em></span> <span class='ocrx_word' id='word_1_44' title='bbox 2306 1610 2459 1667; x_wconf 83' lang='lat' dir='ltr'><strong>orat.</strong></span> 
     </span>
     <span class='ocr_line' id='line_1_8' title="bbox 1394 1719 2463 1804; baseline -0.007 -15"><span class='ocrx_word' id='word_1_45' title='bbox 1394 1723 1472 1789; x_wconf 88' lang='lat' dir='ltr'><em>de</em></span> <span class='ocrx_word' id='word_1_46' title='bbox 1522 1724 1792 1788; x_wconf 85' lang='lat' dir='ltr'><strong>Aristoe.</strong></span> <span class='ocrx_word' id='word_1_47' title='bbox 1844 1723 1991 1804; x_wconf 88' lang='grc'><strong>690,</strong></span> <span class='ocrx_word' id='word_1_48' title='bbox 2042 1723 2110 1785; x_wconf 89' lang='lat'><em>6:</em></span> <span class='ocrx_word' id='word_1_49' title='bbox 2160 1719 2232 1785; x_wconf 76' lang='grc' dir='ltr'><em>ἐκ</em></span> <span class='ocrx_word' id='word_1_50' title='bbox 2282 1740 2463 1782; x_wconf 84' lang='grc' dir='ltr'><em>πτω-</em></span> 
     </span>
     <span class='ocr_line' id='line_1_9' title="bbox 1389 1829 2462 1922; baseline -0.006 -17"><span class='ocrx_word' id='word_1_51' title='bbox 1389 1842 1515 1922; x_wconf 86' lang='grc' dir='ltr'><em>χῶν</em></span> <span class='ocrx_word' id='word_1_52' title='bbox 1539 1829 1837 1922; x_wconf 72' lang='grc' dir='ltr'><em>ε’ύποροις</em></span> <span class='ocrx_word' id='word_1_53' title='bbox 1884 1842 2041 1902; x_wconf 86' lang='lat' dir='ltr'><strong>orat.</strong></span> <span class='ocrx_word' id='word_1_54' title='bbox 2075 1835 2155 1902; x_wconf 83' lang='lat' dir='ltr'><em>de</em></span> <span class='ocrx_word' id='word_1_55' title='bbox 2186 1834 2462 1900; x_wconf 83' lang='lat' dir='ltr'><strong>Timocr.</strong></span> 
     </span>
     <span class='ocr_line' id='line_1_10' title="bbox 1396 1942 2462 2041; baseline -0.009 -18"><span class='ocrx_word' id='word_1_56' title='bbox 1396 1959 1544 2039; x_wconf 83' lang='lat'><strong>739,</strong></span> <span class='ocrx_word' id='word_1_57' title='bbox 1574 1959 1687 2037; x_wconf 82' lang='lat'><em>203</em></span> <span class='ocrx_word' id='word_1_58' title='bbox 1737 1953 1808 2020; x_wconf 79' lang='grc' dir='ltr'><em>ἐκ</em></span> <span class='ocrx_word' id='word_1_59' title='bbox 1835 1944 2131 2041; x_wconf 81' lang='grc' dir='ltr'><em>πενήτων</em></span> <span class='ocrx_word' id='word_1_60' title='bbox 2156 1942 2462 2015; x_wconf 74' lang='grc' dir='ltr'><em>πλούσιοι</em></span> 
     </span>
     <span class='ocr_line' id='line_1_11' title="bbox 1393 2063 2465 2158; baseline -0.005 -23"><span class='ocrx_word' id='word_1_61' title='bbox 1393 2063 1752 2158; x_wconf 76' lang='grc' dir='ltr'><em>γιγνόμενοι</em></span> <span class='ocrx_word' id='word_1_62' title='bbox 1778 2097 1795 2149; x_wconf 88' lang='grc'><em>,·</em></span> <span class='ocrx_word' id='word_1_63' title='bbox 1820 2077 1975 2136; x_wconf 84' lang='lat' dir='ltr'><strong>orat.</strong></span> <span class='ocrx_word' id='word_1_64' title='bbox 1997 2077 2219 2134; x_wconf 83' lang='lat' dir='ltr'><strong>contra</strong></span> <span class='ocrx_word' id='word_1_65' title='bbox 2238 2067 2465 2147; x_wconf 72' lang='lat' dir='ltr'>Eubul.</span> 
     </span>
     <span class='ocr_line' id='line_1_12' title="bbox 1407 2174 2465 2271; baseline -0.008 -18"><span class='ocrx_word' id='word_1_66' title='bbox 1407 2190 1589 2271; x_wconf 82' lang='lat'>1313,</span> <span class='ocrx_word' id='word_1_67' title='bbox 1620 2190 1687 2252; x_wconf 84' lang='lat'><em>8:</em></span> <span class='ocrx_word' id='word_1_68' title='bbox 1723 2183 1967 2251; x_wconf 82' lang='grc' dir='ltr'><em>πολλαὶ</em></span> <span class='ocrx_word' id='word_1_69' title='bbox 1996 2183 2051 2249; x_wconf 81' lang='grc' dir='ltr'><em>δ’</em></span> <span class='ocrx_word' id='word_1_70' title='bbox 2073 2183 2143 2250; x_wconf 77' lang='grc' dir='ltr'><em>ἑκ</em></span> <span class='ocrx_word' id='word_1_71' title='bbox 2170 2174 2465 2270; x_wconf 81' lang='grc' dir='ltr'><em>πενήτων</em></span> 
     </span>
     <span class='ocr_line' id='line_1_13' title="bbox 1340 2294 1728 2368; baseline 0 -2"><span class='ocrx_word' id='word_1_72' title='bbox 1340 2314 1343 2343; x_wconf 79' lang='lat'><strong>²</strong></span> <span class='ocrx_word' id='word_1_73' title='bbox 1399 2294 1728 2368; x_wconf 79' lang='grc' dir='ltr'><em>πλούσιαι.</em></span> 
     </span>
    </p>

    <p class='ocr_par' dir='ltr' id='par_1_2' title="bbox 197 2416 2469 3089">
     <span class='ocr_line' id='line_1_14' title="bbox 295 2416 2465 2502; baseline -0.004 -13"><span class='ocrx_word' id='word_1_74' title='bbox 295 2423 606 2487; x_wconf 84' lang='lat' dir='ltr'><strong>Prooem·</strong></span> <span class='ocrx_word' id='word_1_75' title='bbox 684 2417 856 2483; x_wconf 86' lang='lat' dir='ltr'><strong>LIII·</strong></span> <span class='ocrx_word' id='word_1_76' title='bbox 934 2418 1138 2498; x_wconf 80' lang='grc'><strong>1460,</strong></span> <span class='ocrx_word' id='word_1_77' title='bbox 1215 2418 1284 2478; x_wconf 88' lang='lat'><em>1:</em></span> <span class='ocrx_word' id='word_1_78' title='bbox 1487 2420 1663 2486; x_wconf 80' lang='lat' dir='ltr'><strong>Orat.</strong></span> <span class='ocrx_word' id='word_1_79' title='bbox 1715 2417 1974 2502; x_wconf 87' lang='lat' dir='ltr'><strong>Olynth.</strong></span> <span class='ocrx_word' id='word_1_80' title='bbox 2025 2417 2134 2481; x_wconf 92' lang='lat'>111.</span> <span class='ocrx_word' id='word_1_81' title='bbox 2184 2418 2287 2499; x_wconf 85' lang='lat'><em>37,</em></span> <span class='ocrx_word' id='word_1_82' title='bbox 2346 2416 2465 2480; x_wconf 85' lang='lat'><em>24:</em></span> 
     </span>
     <span class='ocr_line' id='line_1_15' title="bbox 197 2521 2467 2623; baseline -0.005 -18"><span class='ocrx_word' id='word_1_83' title='bbox 197 2521 1286 2623; x_wconf 65' lang='grc' dir='ltr'><em>ὃμοιὸτατα,ῶὅνδρεςᾌθηναῖοι,</em></span> <span class='ocrx_word' id='word_1_84' title='bbox 1398 2524 1441 2601; x_wconf 72' lang='grc' dir='ltr'>ἃ</span> <span class='ocrx_word' id='word_1_85' title='bbox 1484 2539 1625 2613; x_wconf 83' lang='grc' dir='ltr'><em>τοῖς</em></span> <span class='ocrx_word' id='word_1_86' title='bbox 1672 2521 2085 2617; x_wconf 72' lang='grc' dir='ltr'><em>(ἀσθενοῦσι)</em></span> <span class='ocrx_word' id='word_1_87' title='bbox 2128 2526 2309 2616; x_wconf 82' lang='grc' dir='ltr'><em>παρὰ</em></span> <span class='ocrx_word' id='word_1_88' title='bbox 2338 2532 2467 2595; x_wconf 89' lang='grc' dir='ltr'><em>τῶν</em></span> 
     </span>
     <span class='ocr_line' id='line_1_16' title="bbox 198 2642 2465 2740; baseline -0.003 -20"><span class='ocrx_word' id='word_1_89' title='bbox 198 2658 363 2732; x_wconf 79' lang='grc' dir='ltr'><em>τοῖς</em></span> <span class='ocrx_word' id='word_1_90' title='bbox 411 2647 590 2740; x_wconf 84' lang='grc' dir='ltr'><em>παρὰ</em></span> <span class='ocrx_word' id='word_1_91' title='bbox 620 2654 748 2717; x_wconf 84' lang='grc' dir='ltr'><em>τῶν</em></span> <span class='ocrx_word' id='word_1_92' title='bbox 785 2648 1022 2734; x_wconf 79' lang='grc' dir='ltr'><em>ἰατρῶν</em></span> <span class='ocrx_word' id='word_1_93' title='bbox 1054 2645 1289 2724; x_wconf 81' lang='grc' dir='ltr'><em>σιτίοις</em></span> <span class='ocrx_word' id='word_1_94' title='bbox 1399 2647 1887 2737; x_wconf 75' lang='grc' dir='ltr'><em>ἱατρῶνσιτίοις</em></span> <span class='ocrx_word' id='word_1_95' title='bbox 1901 2646 2267 2731; x_wconf 75' lang='grc' dir='ltr'><em>διδομένοις</em></span> <span class='ocrx_word' id='word_1_96' title='bbox 2282 2642 2465 2713; x_wconf 74' lang='grc' dir='ltr'><em>ἔοικε.</em></span> 
     </span>
     <span class='ocr_line' id='line_1_17' title="bbox 201 2756 2469 2853; baseline -0.004 -17"><span class='ocrx_word' id='word_1_97' title='bbox 201 2761 515 2846; x_wconf 80' lang='grc' dir='ltr'><em>διδόντες</em></span> <span class='ocrx_word' id='word_1_98' title='bbox 559 2758 728 2851; x_wconf 67' lang='grc' dir='ltr'><em>ὑμῖν.</em></span> <span class='ocrx_word' id='word_1_99' title='bbox 776 2765 885 2832; x_wconf 79' lang='grc' dir='ltr'><em>καὶ</em></span> <span class='ocrx_word' id='word_1_100' title='bbox 919 2761 1038 2852; x_wconf 83' lang='grc' dir='ltr'><em>γὰρ</em></span> <span class='ocrx_word' id='word_1_101' title='bbox 1080 2764 1292 2830; x_wconf 77' lang='grc' dir='ltr'><em>ἐκεῖνα</em></span> <span class='ocrx_word' id='word_1_102' title='bbox 1400 2766 1507 2832; x_wconf 82' lang='grc' dir='ltr'><em>καὶ</em></span> <span class='ocrx_word' id='word_1_103' title='bbox 1543 2762 1661 2853; x_wconf 82' lang='grc' dir='ltr'><em>γὰρ</em></span> <span class='ocrx_word' id='word_1_104' title='bbox 1694 2766 1903 2831; x_wconf 76' lang='grc' dir='ltr'><em>ἐκεῖνα</em></span> <span class='ocrx_word' id='word_1_105' title='bbox 1937 2756 2068 2829; x_wconf 55' lang='grc' dir='ltr'><em>οὔτ’</em></span> <span class='ocrx_word' id='word_1_106' title='bbox 2104 2758 2278 2845; x_wconf 74' lang='grc' dir='ltr'><em>ἰσχὺν</em></span> <span class='ocrx_word' id='word_1_107' title='bbox 2303 2760 2469 2827; x_wconf 70' lang='grc' dir='ltr'><em>ἐντί-</em></span> 
     </span>
     <span class='ocr_line' id='line_1_18' title="bbox 203 2867 2419 2970; baseline -0.003 -19"><span class='ocrx_word' id='word_1_108' title='bbox 203 2879 357 2953; x_wconf 63' lang='grc' dir='ltr'><em>οἷὲτ’</em></span> <span class='ocrx_word' id='word_1_109' title='bbox 388 2877 564 2965; x_wconf 76' lang='grc' dir='ltr'><em>ἰσχὺν</em></span> <span class='ocrx_word' id='word_1_110' title='bbox 588 2880 924 2970; x_wconf 77' lang='grc' dir='ltr'><em>ἐντίθησιν</em></span> <span class='ocrx_word' id='word_1_111' title='bbox 951 2872 1097 2946; x_wconf 62' lang='grc' dir='ltr'><em>οὔτε</em></span> <span class='ocrx_word' id='word_1_112' title='bbox 1122 2867 1290 2945; x_wconf 80' lang='grc' dir='ltr'><em>ἇπο-</em></span> <span class='ocrx_word' id='word_1_113' title='bbox 1399 2888 1600 2970; x_wconf 77' lang='grc' dir='ltr'><em>θησιν</em></span> <span class='ocrx_word' id='word_1_114' title='bbox 1648 2873 1779 2947; x_wconf 54' lang='grc' dir='ltr'><em>οἵτ’</em></span> <span class='ocrx_word' id='word_1_115' title='bbox 1828 2868 2280 2967; x_wconf 70' lang='grc' dir='ltr'><em>ἀποθνήσκειν</em></span> <span class='ocrx_word' id='word_1_116' title='bbox 2328 2877 2419 2967; x_wconf 72' lang='grc' dir='ltr'><em>ε’ᾇ.</em></span> 
     </span>
     <span class='ocr_line' id='line_1_19' title="bbox 203 2993 671 3089; baseline -0.011 -20"><span class='ocrx_word' id='word_1_117' title='bbox 203 2993 535 3089; x_wconf 84' lang='grc' dir='ltr'><em>θνήσκειν</em></span> <span class='ocrx_word' id='word_1_118' title='bbox 578 2994 671 3087; x_wconf 73' lang='grc' dir='ltr'><em>ἑᾷ.</em></span> 
     </span>
    </p>

    <p class='ocr_par' dir='ltr' id='par_1_3' title="bbox 308 3112 2470 3197">
     <span class='ocr_line' id='line_1_20' title="bbox 308 3112 2470 3197; baseline -0.004 -14"><span class='ocrx_word' id='word_1_119' title='bbox 308 3118 602 3183; x_wconf 87' lang='lat' dir='ltr'><strong>Prooem.</strong></span> <span class='ocrx_word' id='word_1_120' title='bbox 671 3116 834 3181; x_wconf 93' lang='lat' dir='ltr'>LIV.</span> <span class='ocrx_word' id='word_1_121' title='bbox 906 3116 1105 3197; x_wconf 90' lang='grc'><strong>1460,</strong></span> <span class='ocrx_word' id='word_1_122' title='bbox 1174 3115 1289 3179; x_wconf 84' lang='lat'><em>15:</em></span> <span class='ocrx_word' id='word_1_123' title='bbox 1493 3115 1668 3181; x_wconf 83' lang='lat' dir='ltr'>Orat.</span> <span class='ocrx_word' id='word_1_124' title='bbox 1719 3112 1799 3178; x_wconf 87' lang='lat' dir='ltr'><em>de</em></span> <span class='ocrx_word' id='word_1_125' title='bbox 1847 3113 1988 3177; x_wconf 86' lang='lat' dir='ltr'><strong>fals.</strong></span> <span class='ocrx_word' id='word_1_126' title='bbox 2038 3112 2161 3195; x_wconf 88' lang='lat' dir='ltr'><strong>leg.</strong></span> <span class='ocrx_word' id='word_1_127' title='bbox 2199 3113 2346 3194; x_wconf 82' lang='lat'><strong>372,</strong></span> <span class='ocrx_word' id='word_1_128' title='bbox 2397 3113 2470 3174; x_wconf 83' lang='lat'><em>2:</em></span> 
     </span>
    </p>
   </div>
   <div class='ocr_carea' id='block_1_2' title="bbox 207 3213 2470 3527">
    <p class='ocr_par' dir='ltr' id='par_1_4' title="bbox 207 3213 2470 3527">
     <span class='ocr_line' id='line_1_21' title="bbox 207 3213 2469 3322; baseline -0.004 -23"><span class='ocrx_word' id='word_1_129' title='bbox 207 3223 296 3322; x_wconf 76' lang='grc' dir='ltr'><em>ἦν</em></span> <span class='ocrx_word' id='word_1_130' title='bbox 329 3233 389 3297; x_wconf 85' lang='grc' dir='ltr'><em>δ’</em></span> <span class='ocrx_word' id='word_1_131' title='bbox 422 3220 571 3314; x_wconf 71' lang='grc' dir='ltr'><em>ὑμῖν</em></span> <span class='ocrx_word' id='word_1_132' title='bbox 588 3225 672 3297; x_wconf 82' lang='grc' dir='ltr'><em>τὰ</em></span> <span class='ocrx_word' id='word_1_133' title='bbox 697 3282 710 3295; x_wconf 96' lang='grc'><em>.</em></span> <span class='ocrx_word' id='word_1_134' title='bbox 742 3282 755 3295; x_wconf 94' lang='grc'><em>.</em></span> <span class='ocrx_word' id='word_1_135' title='bbox 785 3281 798 3295; x_wconf 95' lang='grc'><em>.</em></span> <span class='ocrx_word' id='word_1_136' title='bbox 829 3282 842 3295; x_wconf 96' lang='grc'><em>.</em></span> <span class='ocrx_word' id='word_1_137' title='bbox 871 3224 1010 3316; x_wconf 75' lang='grc' dir='ltr'><em>ἱερὰ</em></span> <span class='ocrx_word' id='word_1_138' title='bbox 1027 3217 1293 3317; x_wconf 69' lang='grc' dir='ltr'><em>ἀσφαλῆ</em></span> <span class='ocrx_word' id='word_1_139' title='bbox 1402 3225 1478 3296; x_wconf 84' lang='grc' dir='ltr'><em>τὸ</em></span> <span class='ocrx_word' id='word_1_140' title='bbox 1526 3222 1644 3316; x_wconf 82' lang='grc' dir='ltr'><em>γὰρ</em></span> <span class='ocrx_word' id='word_1_141' title='bbox 1677 3216 1965 3316; x_wconf 77' lang='grc' dir='ltr'><em>ἀσφαλὲς</em></span> <span class='ocrx_word' id='word_1_142' title='bbox 1998 3213 2193 3313; x_wconf 63' lang='grc' dir='ltr'><em>αὐτῆς</em></span> <span class='ocrx_word' id='word_1_143' title='bbox 2235 3226 2469 3310; x_wconf 80' lang='lat' dir='ltr'><em>(pac-is)</em></span> 
     </span>
     <span class='ocr_line' id='line_1_22' title="bbox 210 3328 2470 3435; baseline -0.004 -21"><span class='ocrx_word' id='word_1_144' title='bbox 210 3347 338 3414; x_wconf 84' lang='grc' dir='ltr'><em>καὶ</em></span> <span class='ocrx_word' id='word_1_145' title='bbox 387 3345 620 3435; x_wconf 81' lang='grc' dir='ltr'><em>βέβαια</em></span> <span class='ocrx_word' id='word_1_146' title='bbox 665 3373 721 3413; x_wconf 85' lang='grc' dir='ltr'><em>κ.</em></span> <span class='ocrx_word' id='word_1_147' title='bbox 771 3371 827 3412; x_wconf 90' lang='grc' dir='ltr'><em>τ.</em></span> <span class='ocrx_word' id='word_1_148' title='bbox 877 3346 934 3411; x_wconf 83' lang='grc' dir='ltr'><em>λ.</em></span> <span class='ocrx_word' id='word_1_149' title='bbox 1403 3344 1512 3412; x_wconf 83' lang='grc' dir='ltr'><em>καὶ</em></span> <span class='ocrx_word' id='word_1_150' title='bbox 1547 3339 1621 3410; x_wconf 80' lang='grc' dir='ltr'><em>τὸ</em></span> <span class='ocrx_word' id='word_1_151' title='bbox 1654 3341 1918 3431; x_wconf 78' lang='grc' dir='ltr'><em>βέβαιον</em></span> <span class='ocrx_word' id='word_1_152' title='bbox 1966 3328 2145 3408; x_wconf 78' lang='grc' dir='ltr'><em>οὗτοι</em></span> <span class='ocrx_word' id='word_1_153' title='bbox 2188 3333 2470 3427; x_wconf 55' lang='grc' dir='ltr'><em>προῦδο-</em></span> 
     </span>
     <span class='ocr_line' id='line_1_23' title="bbox 1404 3483 1543 3527; baseline -0.007 0"><span class='ocrx_word' id='word_1_154' title='bbox 1404 3483 1543 3527; x_wconf 89' lang='grc' dir='ltr'><em>σαν.</em></span> 
     </span>
    </p>
   </div>
   <div class='ocr_carea' id='block_1_3' title="bbox 223 3576 2471 4473">
    <p class='ocr_par' dir='ltr' id='par_1_5' title="bbox 223 3576 2470 3994">
     <span class='ocr_line' id='line_1_24' title="bbox 320 3576 2469 3662; baseline -0.003 -18"><span class='ocrx_word' id='word_1_155' title='bbox 320 3581 610 3645; x_wconf 89' lang='lat' dir='ltr'><strong>Prooem.</strong></span> <span class='ocrx_word' id='word_1_156' title='bbox 674 3580 835 3645; x_wconf 89' lang='lat' dir='ltr'><strong>LVI.</strong></span> <span class='ocrx_word' id='word_1_157' title='bbox 909 3581 1110 3662; x_wconf 81' lang='grc'><strong>1462,</strong></span> <span class='ocrx_word' id='word_1_158' title='bbox 1180 3580 1291 3642; x_wconf 87' lang='grc'><em>10;</em></span> <span class='ocrx_word' id='word_1_159' title='bbox 1495 3578 1669 3644; x_wconf 84' lang='lat' dir='ltr'><strong>Orat.</strong></span> <span class='ocrx_word' id='word_1_160' title='bbox 1722 3576 1995 3660; x_wconf 85' lang='lat' dir='ltr'><strong>Philipp.</strong></span> <span class='ocrx_word' id='word_1_161' title='bbox 2043 3576 2123 3640; x_wconf 87' lang='lat'><em>11.</em></span> <span class='ocrx_word' id='word_1_162' title='bbox 2175 3576 2288 3658; x_wconf 86' lang='lat'><em>73,</em></span> <span class='ocrx_word' id='word_1_163' title='bbox 2353 3576 2469 3639; x_wconf 79' lang='lat'><em>21:</em></span> 
     </span>
     <span class='ocr_line' id='line_1_25' title="bbox 223 3678 2470 3781; baseline -0.003 -21"><span class='ocrx_word' id='word_1_164' title='bbox 223 3687 367 3761; x_wconf 57' lang='grc' dir='ltr'><em>οὔτ’</em></span> <span class='ocrx_word' id='word_1_165' title='bbox 444 3691 566 3760; x_wconf 84' lang='grc' dir='ltr'><em>εἶσὶ</em></span> <span class='ocrx_word' id='word_1_166' title='bbox 636 3686 816 3781; x_wconf 83' lang='grc' dir='ltr'><em>λόγοι</em></span> <span class='ocrx_word' id='word_1_167' title='bbox 889 3692 1127 3759; x_wconf 84' lang='grc' dir='ltr'><em>πολλοὶ</em></span> <span class='ocrx_word' id='word_1_168' title='bbox 1203 3688 1290 3781; x_wconf 79' lang='grc' dir='ltr'><em>μὴ</em></span> <span class='ocrx_word' id='word_1_169' title='bbox 1407 3681 1538 3758; x_wconf 62' lang='grc' dir='ltr'><em>οὐδ’</em></span> <span class='ocrx_word' id='word_1_170' title='bbox 1580 3694 1689 3757; x_wconf 80' lang='grc' dir='ltr'><em>ἵνα</em></span> <span class='ocrx_word' id='word_1_171' title='bbox 1736 3686 1854 3779; x_wconf 74' lang='grc' dir='ltr'><em>τὴν</em></span> <span class='ocrx_word' id='word_1_172' title='bbox 1891 3683 2097 3767; x_wconf 80' lang='grc' dir='ltr'><em>”λλως</em></span> <span class='ocrx_word' id='word_1_173' title='bbox 2130 3678 2470 3771; x_wconf 72' lang='grc' dir='ltr'><em>ἀδολεσχῶ.</em></span> 
     </span>
     <span class='ocr_line' id='line_1_26' title="bbox 223 3797 1298 3898; baseline -0.002 -22"><span class='ocrx_word' id='word_1_174' title='bbox 223 3808 648 3897; x_wconf 75' lang='grc' dir='ltr'><em>βουλομένοις</em></span> <span class='ocrx_word' id='word_1_175' title='bbox 693 3802 902 3898; x_wconf 81' lang='grc' dir='ltr'><em>μάτην</em></span> <span class='ocrx_word' id='word_1_176' title='bbox 933 3797 1298 3891; x_wconf 73' lang='grc' dir='ltr'><em>ἀδολεσχεῖν</em></span> 
     </span>
     <span class='ocr_line' id='line_1_27' title="bbox 223 3928 504 3994; baseline 0 -2"><span class='ocrx_word' id='word_1_177' title='bbox 223 3953 288 3994; x_wconf 85' lang='grc' dir='ltr'><em>κ.</em></span> <span class='ocrx_word' id='word_1_178' title='bbox 339 3950 395 3992; x_wconf 90' lang='grc' dir='ltr'><em>τ.</em></span> <span class='ocrx_word' id='word_1_179' title='bbox 444 3928 504 3992; x_wconf 90' lang='grc' dir='ltr'><em>λ.</em></span> 
     </span>
    </p>

    <p class='ocr_par' dir='ltr' id='par_1_6' title="bbox 225 4036 2471 4360">
     <span class='ocr_line' id='line_1_28' title="bbox 416 4036 2471 4126; baseline -0.003 -19"><span class='ocrx_word' id='word_1_180' title='bbox 416 4041 596 4120; x_wconf 80' lang='lat' dir='ltr'><strong>Qua-e</strong></span> <span class='ocrx_word' id='word_1_181' title='bbox 659 4063 800 4109; x_wconf 85' lang='lat' dir='ltr'><em>oum</em></span> <span class='ocrx_word' id='word_1_182' title='bbox 856 4042 948 4107; x_wconf 89' lang='lat' dir='ltr'><em>ita</em></span> <span class='ocrx_word' id='word_1_183' title='bbox 1009 4041 1165 4126; x_wconf 86' lang='lat' dir='ltr'><strong>sint,</strong></span> <span class='ocrx_word' id='word_1_184' title='bbox 1237 4040 1735 4106; x_wconf 81' lang='lat' dir='ltr'><strong>Demosthenem</strong></span> <span class='ocrx_word' id='word_1_185' title='bbox 1798 4040 1862 4103; x_wconf 93' lang='lat' dir='ltr'><em>in</em></span> <span class='ocrx_word' id='word_1_186' title='bbox 1925 4038 2045 4104; x_wconf 85' lang='lat' dir='ltr'><em>hac</em></span> <span class='ocrx_word' id='word_1_187' title='bbox 2095 4036 2471 4103; x_wconf 79' lang='lat' dir='ltr'><strong>collectione</strong></span> 
     </span>
     <span class='ocr_line' id='line_1_29' title="bbox 226 4153 2467 4241; baseline -0.004 -17"><span class='ocrx_word' id='word_1_188' title='bbox 226 4158 442 4241; x_wconf 83' lang='lat' dir='ltr'><strong>magis</strong></span> <span class='ocrx_word' id='word_1_189' title='bbox 492 4158 941 4241; x_wconf 82' lang='lat' dir='ltr'><em>conquirendis</em></span> <span class='ocrx_word' id='word_1_190' title='bbox 990 4158 1148 4223; x_wconf 85' lang='lat' dir='ltr'><strong>loeis</strong></span> <span class='ocrx_word' id='word_1_191' title='bbox 1207 4156 1643 4223; x_wconf 83' lang='lat' dir='ltr'><strong>communibus</strong></span> <span class='ocrx_word' id='word_1_192' title='bbox 1701 4176 1891 4239; x_wconf 85' lang='lat' dir='ltr'><strong>quam</strong></span> <span class='ocrx_word' id='word_1_193' title='bbox 1937 4154 2124 4219; x_wconf 90' lang='lat' dir='ltr'><strong>iustis</strong></span> <span class='ocrx_word' id='word_1_194' title='bbox 2173 4161 2237 4218; x_wconf 90' lang='lat' dir='ltr'><em>et</em></span> <span class='ocrx_word' id='word_1_195' title='bbox 2284 4153 2467 4217; x_wconf 85' lang='lat' dir='ltr'><strong>abso·</strong></span> 
     </span>
     <span class='ocr_line' id='line_1_30' title="bbox 225 4271 1635 4360; baseline -0.001 -20"><span class='ocrx_word' id='word_1_196' title='bbox 225 4275 385 4341; x_wconf 89' lang='lat' dir='ltr'><strong>lutis</strong></span> <span class='ocrx_word' id='word_1_197' title='bbox 433 4274 775 4360; x_wconf 82' lang='lat' dir='ltr'><em>prooemiis</em></span> <span class='ocrx_word' id='word_1_198' title='bbox 824 4272 1148 4339; x_wconf 82' lang='lat' dir='ltr'><strong>studuisse</strong></span> <span class='ocrx_word' id='word_1_199' title='bbox 1198 4271 1635 4338; x_wconf 76' lang='lat' dir='ltr'><strong>concedemus,</strong></span> 
     </span>
    </p>

    <p class='ocr_par' dir='ltr' id='par_1_7' title="bbox 413 4383 2469 4473">
     <span class='ocr_line' id='line_1_31' title="bbox 413 4383 2469 4473; baseline -0.003 -17"><span class='ocrx_word' id='word_1_200' title='bbox 413 4392 559 4457; x_wconf 88' lang='lat' dir='ltr'><em>Jam</em></span> <span class='ocrx_word' id='word_1_201' title='bbox 608 4390 781 4472; x_wconf 88' lang='lat' dir='ltr'><strong>quod</strong></span> <span class='ocrx_word' id='word_1_202' title='bbox 829 4389 1022 4455; x_wconf 84' lang='lat' dir='ltr'><strong>etiam</strong></span> <span class='ocrx_word' id='word_1_203' title='bbox 1069 4410 1150 4455; x_wconf 86' lang='lat' dir='ltr'><em>ex</em></span> <span class='ocrx_word' id='word_1_204' title='bbox 1196 4389 1275 4454; x_wconf 93' lang='lat' dir='ltr'><em>iis</em></span> <span class='ocrx_word' id='word_1_205' title='bbox 1323 4388 1687 4473; x_wconf 86' lang='lat' dir='ltr'><strong>prooemiis,</strong></span> <span class='ocrx_word' id='word_1_206' title='bbox 1739 4406 1903 4469; x_wconf 86' lang='lat' dir='ltr'><strong>quae</strong></span> <span class='ocrx_word' id='word_1_207' title='bbox 1950 4392 2164 4450; x_wconf 79' lang='lat' dir='ltr'><strong>orator</strong></span> <span class='ocrx_word' id='word_1_208' title='bbox 2210 4383 2295 4448; x_wconf 84' lang='lat' dir='ltr'><em>ad</em></span> <span class='ocrx_word' id='word_1_209' title='bbox 2343 4385 2469 4449; x_wconf 87' lang='lat' dir='ltr'><strong>sin-</strong></span> 
     </span>
    </p>
   </div>
   <div class='ocr_carea' id='block_1_4' title="bbox 226 4503 2471 4593">
    <p class='ocr_par' dir='ltr' id='par_1_8' title="bbox 226 4503 2471 4593">
     <span class='ocr_line' id='line_1_32' title="bbox 226 4503 2471 4593; baseline -0.004 -19"><span class='ocrx_word' id='word_1_210' title='bbox 226 4509 421 4593; x_wconf 81' lang='lat' dir='ltr'><strong>gulas</strong></span> <span class='ocrx_word' id='word_1_211' title='bbox 468 4507 791 4573; x_wconf 82' lang='lat' dir='ltr'><strong>orationes</strong></span> <span class='ocrx_word' id='word_1_212' title='bbox 838 4506 1014 4590; x_wconf 89' lang='lat' dir='ltr'><strong>ipsas</strong></span> <span class='ocrx_word' id='word_1_213' title='bbox 1063 4503 1370 4589; x_wconf 85' lang='lat' dir='ltr'><strong>exaravit,</strong></span> <span class='ocrx_word' id='word_1_214' title='bbox 1421 4511 1485 4571; x_wconf 88' lang='lat' dir='ltr'><em>et</em></span> <span class='ocrx_word' id='word_1_215' title='bbox 1532 4523 1772 4589; x_wconf 86' lang='lat' dir='ltr'><strong>parvae</strong></span> <span class='ocrx_word' id='word_1_216' title='bbox 1819 4510 1883 4567; x_wconf 90' lang='lat' dir='ltr'><em>et</em></span> <span class='ocrx_word' id='word_1_217' title='bbox 1930 4521 2205 4584; x_wconf 81' lang='lat' dir='ltr'><strong>magnae</strong></span> <span class='ocrx_word' id='word_1_218' title='bbox 2254 4510 2471 4584; x_wconf 76' lang='lat' dir='ltr'><strong>partes</strong></span> 
     </span>
    </p>
   </div>
   <div class='ocr_carea' id='block_1_5' title="bbox 2114 4593 2153 4653">
    <p class='ocr_par' dir='ltr' id='par_1_9' title="bbox 2114 4593 2153 4653">
     <span class='ocr_line' id='line_1_33' title="bbox 2114 4593 2153 4653; baseline 0 0"><span class='ocrx_word' id='word_1_219' title='bbox 2114 4593 2153 4653; x_wconf 88' lang='lat'><strong>3</strong></span> 
     </span>
    </p>
   </div>
  </div>
 </body>
</html>
