<?xml version="1.0" encoding="UTF-8"?>
<!DOCTYPE html PUBLIC "-//W3C//DTD XHTML 1.0 Transitional//EN"
    "http://www.w3.org/TR/xhtml1/DTD/xhtml1-transitional.dtd">
<html xmlns="http://www.w3.org/1999/xhtml" xml:lang="en" lang="en">
 <head>
  <title>
</title>
<meta http-equiv="Content-Type" content="text/html;charset=utf-8" />
  <meta name='ocr-system' content='tesseract 3.04.00' />
  <meta name='ocr-capabilities' content='ocr_page ocr_carea ocr_par ocr_line ocrx_word'/>
</head>
<body>
  <div class='ocr_page' id='page_1' title='image "./demosthenisdeco01reicgoog_0015.png"; bbox 0 0 3052 5217; ppageno 0'>
   <div class='ocr_carea' id='block_1_1' title="bbox 151 1265 2400 1420">
    <p class='ocr_par' dir='ltr' id='par_1_1' title="bbox 151 1265 2400 1420">
     <span class='ocr_line' id='line_1_1' title="bbox 154 1265 2400 1320; baseline 0.005 -28"><span class='ocrx_word' id='word_1_1' title='bbox 154 1265 553 1311; x_wconf 78' lang='grc' dir='ltr'>μιυυῦιιιιιιιιι</span> <span class='ocrx_word' id='word_1_2' title='bbox 618 1265 755 1296; x_wconf 72' lang='lat' dir='ltr'>vus.</span> <span class='ocrx_word' id='word_1_3' title='bbox 812 1265 876 1295; x_wconf 89' lang='grc' dir='ltr'>ιιι</span> <span class='ocrx_word' id='word_1_4' title='bbox 925 1265 1212 1298; x_wconf 65' lang='grc' dir='ltr'>υιάιιυιιυ</span> <span class='ocrx_word' id='word_1_5' title='bbox 1273 1265 1387 1318; x_wconf 78' lang='lat' dir='ltr'>pru</span> <span class='ocrx_word' id='word_1_6' title='bbox 1435 1265 1943 1320; x_wconf 72' lang='lat' dir='ltr'>Iuegmupouus,</span> <span class='ocrx_word' id='word_1_7' title='bbox 2008 1265 2400 1320; x_wconf 69' lang='lat' dir='ltr'>pruoeullum</span> 
     </span>
     <span class='ocr_line' id='line_1_2' title="bbox 151 1344 2398 1420; baseline 0.005 -12"><span class='ocrx_word' id='word_1_8' title='bbox 151 1344 403 1410; x_wconf 88' lang='lat' dir='ltr'>XXVII</span> <span class='ocrx_word' id='word_1_9' title='bbox 455 1345 519 1409; x_wconf 91' lang='lat' dir='ltr'>in</span> <span class='ocrx_word' id='word_1_10' title='bbox 571 1347 862 1413; x_wconf 89' lang='lat' dir='ltr'>oratione</span> <span class='ocrx_word' id='word_1_11' title='bbox 910 1347 992 1413; x_wconf 93' lang='lat' dir='ltr'>de</span> <span class='ocrx_word' id='word_1_12' title='bbox 1040 1348 1337 1416; x_wconf 88' lang='lat' dir='ltr'>libertate</span> <span class='ocrx_word' id='word_1_13' title='bbox 1384 1348 1778 1415; x_wconf 90' lang='lat' dir='ltr'>Rhodiorum</span> <span class='ocrx_word' id='word_1_14' title='bbox 1812 1347 2053 1418; x_wconf 89' lang='lat' dir='ltr'>eisdem</span> <span class='ocrx_word' id='word_1_15' title='bbox 2090 1353 2225 1419; x_wconf 86' lang='lat' dir='ltr'>fere</span> <span class='ocrx_word' id='word_1_16' title='bbox 2259 1375 2398 1420; x_wconf 85' lang='lat' dir='ltr'>ver-</span> 
     </span>
    </p>
   </div>
   <div class='ocr_carea' id='block_1_2' title="bbox 152 1459 2399 1670">
    <p class='ocr_par' dir='ltr' id='par_1_2' title="bbox 152 1459 2399 1670">
     <span class='ocr_line' id='line_1_3' title="bbox 152 1459 2398 1554; baseline 0.005 -30"><span class='ocrx_word' id='word_1_17' title='bbox 152 1459 249 1526; x_wconf 89' lang='lat' dir='ltr'>bis</span> <span class='ocrx_word' id='word_1_18' title='bbox 297 1459 664 1527; x_wconf 84' lang='lat' dir='ltr'>adhibitum</span> <span class='ocrx_word' id='word_1_19' title='bbox 712 1463 1086 1530; x_wconf 79' lang='lat' dir='ltr'><strong>invenimus.</strong></span> <span class='ocrx_word' id='word_1_20' title='bbox 1181 1466 1407 1548; x_wconf 87' lang='lat' dir='ltr'>Itaque</span> <span class='ocrx_word' id='word_1_21' title='bbox 1454 1466 1736 1532; x_wconf 87' lang='lat' dir='ltr'>dubitari</span> <span class='ocrx_word' id='word_1_22' title='bbox 1783 1488 1908 1532; x_wconf 92' lang='lat' dir='ltr'>non</span> <span class='ocrx_word' id='word_1_23' title='bbox 1958 1476 2187 1554; x_wconf 88' lang='lat' dir='ltr'>potest,</span> <span class='ocrx_word' id='word_1_24' title='bbox 2248 1471 2398 1554; x_wconf 90' lang='lat' dir='ltr'>quin</span> 
     </span>
     <span class='ocr_line' id='line_1_4' title="bbox 152 1575 2399 1670; baseline 0.006 -30"><span class='ocrx_word' id='word_1_25' title='bbox 152 1575 313 1642; x_wconf 90' lang='lat' dir='ltr'>haec</span> <span class='ocrx_word' id='word_1_26' title='bbox 366 1578 697 1661; x_wconf 90' lang='lat' dir='ltr'>prooemia</span> <span class='ocrx_word' id='word_1_27' title='bbox 744 1599 870 1645; x_wconf 92' lang='lat' dir='ltr'>non</span> <span class='ocrx_word' id='word_1_28' title='bbox 904 1579 997 1645; x_wconf 88' lang='lat' dir='ltr'>ita</span> <span class='ocrx_word' id='word_1_29' title='bbox 1027 1581 1228 1647; x_wconf 88' lang='lat' dir='ltr'>multo</span> <span class='ocrx_word' id='word_1_30' title='bbox 1261 1589 1411 1649; x_wconf 87' lang='lat' dir='ltr'>ante</span> <span class='ocrx_word' id='word_1_31' title='bbox 1443 1602 1635 1666; x_wconf 86' lang='lat' dir='ltr'>quam</span> <span class='ocrx_word' id='word_1_32' title='bbox 1667 1583 1817 1649; x_wconf 87' lang='lat' dir='ltr'>illae</span> <span class='ocrx_word' id='word_1_33' title='bbox 1852 1585 2175 1651; x_wconf 89' lang='lat' dir='ltr'>orationes</span> <span class='ocrx_word' id='word_1_34' title='bbox 2215 1585 2399 1670; x_wconf 80' lang='lat' dir='ltr'>ipsae</span> 
     </span>
    </p>
   </div>
   <div class='ocr_carea' id='block_1_3' title="bbox 152 1693 2504 1784">
    <p class='ocr_par' dir='ltr' id='par_1_3' title="bbox 152 1693 2504 1784">
     <span class='ocr_line' id='line_1_5' title="bbox 152 1693 2504 1784; baseline 0.006 -29"><span class='ocrx_word' id='word_1_35' title='bbox 152 1693 277 1758; x_wconf 88' lang='lat' dir='ltr'>sint</span> <span class='ocrx_word' id='word_1_36' title='bbox 327 1694 711 1778; x_wconf 86' lang='lat' dir='ltr'>conscripta.</span> <span class='ocrx_word' id='word_1_37' title='bbox 808 1695 941 1761; x_wconf 88' lang='lat' dir='ltr'>Sed</span> <span class='ocrx_word' id='word_1_38' title='bbox 972 1696 1167 1762; x_wconf 85' lang='lat' dir='ltr'>etiam</span> <span class='ocrx_word' id='word_1_39' title='bbox 1200 1697 1531 1782; x_wconf 86' lang='lat' dir='ltr'>prooemia</span> <span class='ocrx_word' id='word_1_40' title='bbox 1570 1699 1729 1765; x_wconf 89' lang='lat' dir='ltr'>XXI</span> <span class='ocrx_word' id='word_1_41' title='bbox 1777 1706 1840 1765; x_wconf 92' lang='lat' dir='ltr'>et</span> <span class='ocrx_word' id='word_1_42' title='bbox 1886 1701 2102 1767; x_wconf 88' lang='lat' dir='ltr'>XXIV</span> <span class='ocrx_word' id='word_1_43' title='bbox 2155 1702 2400 1784; x_wconf 84' lang='lat' dir='ltr'>aliquot</span> <span class='ocrx_word' id='word_1_44' title='bbox 2492 1737 2504 1747; x_wconf 93' lang='lat'><strong>·</strong></span> 
     </span>
    </p>
   </div>
   <div class='ocr_carea' id='block_1_4' title="bbox 151 1810 2415 4339">
    <p class='ocr_par' dir='ltr' id='par_1_4' title="bbox 152 1810 2415 2713">
     <span class='ocr_line' id='line_1_6' title="bbox 152 1810 2396 1900; baseline 0.004 -27"><span class='ocrx_word' id='word_1_45' title='bbox 152 1810 339 1876; x_wconf 87' lang='lat' dir='ltr'>annis</span> <span class='ocrx_word' id='word_1_46' title='bbox 391 1817 539 1894; x_wconf 90' lang='lat' dir='ltr'>post</span> <span class='ocrx_word' id='word_1_47' title='bbox 586 1811 941 1896; x_wconf 86' lang='lat' dir='ltr'>composita</span> <span class='ocrx_word' id='word_1_48' title='bbox 988 1821 1135 1878; x_wconf 85' lang='lat' dir='ltr'>sunt</span> <span class='ocrx_word' id='word_1_49' title='bbox 1191 1833 1381 1896; x_wconf 88' lang='lat' dir='ltr'>quam</span> <span class='ocrx_word' id='word_1_50' title='bbox 1443 1815 1558 1880; x_wconf 92' lang='lat' dir='ltr'>illa</span> <span class='ocrx_word' id='word_1_51' title='bbox 1604 1816 1913 1882; x_wconf 78' lang='lat' dir='ltr'>collectio.</span> <span class='ocrx_word' id='word_1_52' title='bbox 2008 1817 2175 1883; x_wconf 89' lang='lat' dir='ltr'>Nam</span> <span class='ocrx_word' id='word_1_53' title='bbox 2225 1818 2396 1900; x_wconf 89' lang='lat' dir='ltr'>quod</span> 
     </span>
     <span class='ocr_line' id='line_1_7' title="bbox 153 1925 2396 2018; baseline 0.005 -30"><span class='ocrx_word' id='word_1_54' title='bbox 153 1925 698 2011; x_wconf 83' lang='lat' dir='ltr'>Broughamus</span> <span class='ocrx_word' id='word_1_55' title='bbox 746 1929 785 1994; x_wconf 93' lang='lat'>1.</span> <span class='ocrx_word' id='word_1_56' title='bbox 823 1929 860 1994; x_wconf 91' lang='lat'>1.</span> <span class='ocrx_word' id='word_1_57' title='bbox 893 1929 1142 1995; x_wconf 86' lang='lat' dir='ltr'>notavit</span> <span class='ocrx_word' id='word_1_58' title='bbox 1173 1929 1255 1996; x_wconf 89' lang='lat' dir='ltr'>de</span> <span class='ocrx_word' id='word_1_59' title='bbox 1288 1931 1613 2014; x_wconf 87' lang='lat' dir='ltr'>prooemio</span> <span class='ocrx_word' id='word_1_60' title='bbox 1648 1932 1881 2016; x_wconf 88' lang='lat' dir='ltr'>XXIV,</span> <span class='ocrx_word' id='word_1_61' title='bbox 1931 1931 2103 1999; x_wconf 91' lang='lat' dir='ltr'>idem</span> <span class='ocrx_word' id='word_1_62' title='bbox 2140 1933 2220 2000; x_wconf 93' lang='lat' dir='ltr'>de</span> <span class='ocrx_word' id='word_1_63' title='bbox 2252 1954 2396 2018; x_wconf 89' lang='lat' dir='ltr'>pro-</span> 
     </span>
     <span class='ocr_line' id='line_1_8' title="bbox 155 2042 2400 2132; baseline 0.003 -25"><span class='ocrx_word' id='word_1_64' title='bbox 155 2042 364 2108; x_wconf 91' lang='lat' dir='ltr'>oemio</span> <span class='ocrx_word' id='word_1_65' title='bbox 396 2043 558 2108; x_wconf 91' lang='lat' dir='ltr'>XXI</span> <span class='ocrx_word' id='word_1_66' title='bbox 589 2042 932 2111; x_wconf 90' lang='lat' dir='ltr'>dicendum</span> <span class='ocrx_word' id='word_1_67' title='bbox 964 2066 1108 2112; x_wconf 89' lang='lat' dir='ltr'>esse</span> <span class='ocrx_word' id='word_1_68' title='bbox 1144 2045 1299 2110; x_wconf 90' lang='lat' dir='ltr'>mihi</span> <span class='ocrx_word' id='word_1_69' title='bbox 1328 2045 1601 2112; x_wconf 87' lang='lat' dir='ltr'>videtur.</span> <span class='ocrx_word' id='word_1_70' title='bbox 1694 2049 1874 2114; x_wconf 87' lang='lat' dir='ltr'>Haec</span> <span class='ocrx_word' id='word_1_71' title='bbox 1908 2046 2035 2114; x_wconf 90' lang='lat' dir='ltr'>duo</span> <span class='ocrx_word' id='word_1_72' title='bbox 2074 2050 2400 2132; x_wconf 86' lang='lat' dir='ltr'>prooemia</span> 
     </span>
     <span class='ocr_line' id='line_1_9' title="bbox 154 2158 2397 2250; baseline 0.004 -29"><span class='ocrx_word' id='word_1_73' title='bbox 154 2158 207 2222; x_wconf 92' lang='lat' dir='ltr'>si</span> <span class='ocrx_word' id='word_1_74' title='bbox 252 2159 621 2244; x_wconf 85' lang='lat' dir='ltr'>legerimus,</span> <span class='ocrx_word' id='word_1_75' title='bbox 671 2161 836 2228; x_wconf 89' lang='lat' dir='ltr'>sicut</span> <span class='ocrx_word' id='word_1_76' title='bbox 883 2162 1276 2246; x_wconf 86' lang='lat' dir='ltr'>prooemium</span> <span class='ocrx_word' id='word_1_77' title='bbox 1307 2163 1525 2229; x_wconf 93' lang='lat' dir='ltr'>XXIV</span> <span class='ocrx_word' id='word_1_78' title='bbox 1560 2162 1762 2247; x_wconf 90' lang='lat' dir='ltr'>primo</span> <span class='ocrx_word' id='word_1_79' title='bbox 1807 2164 2112 2250; x_wconf 88' lang='lat' dir='ltr'>seriptum</span> <span class='ocrx_word' id='word_1_80' title='bbox 2160 2173 2275 2250; x_wconf 88' lang='lat' dir='ltr'>est,</span> <span class='ocrx_word' id='word_1_81' title='bbox 2328 2172 2397 2231; x_wconf 92' lang='lat' dir='ltr'>ut</span> 
     </span>
     <span class='ocr_line' id='line_1_10' title="bbox 153 2274 2394 2366; baseline 0.004 -29"><span class='ocrx_word' id='word_1_82' title='bbox 153 2274 213 2339; x_wconf 89' lang='lat' dir='ltr'>in</span> <span class='ocrx_word' id='word_1_83' title='bbox 276 2275 570 2342; x_wconf 87' lang='lat' dir='ltr'>oratione</span> <span class='ocrx_word' id='word_1_84' title='bbox 641 2276 723 2344; x_wconf 90' lang='lat' dir='ltr'>de</span> <span class='ocrx_word' id='word_1_85' title='bbox 785 2277 1082 2344; x_wconf 90' lang='lat' dir='ltr'>libertate</span> <span class='ocrx_word' id='word_1_86' title='bbox 1136 2277 1525 2345; x_wconf 90' lang='lat' dir='ltr'>Rhodiorum</span> <span class='ocrx_word' id='word_1_87' title='bbox 1583 2288 2035 2365; x_wconf 83' lang='lat' dir='ltr'>usurpa-retur,</span> <span class='ocrx_word' id='word_1_88' title='bbox 2104 2281 2196 2348; x_wconf 89' lang='lat' dir='ltr'>ita</span> <span class='ocrx_word' id='word_1_89' title='bbox 2248 2302 2394 2366; x_wconf 88' lang='lat' dir='ltr'>pro-</span> 
     </span>
     <span class='ocr_line' id='line_1_11' title="bbox 155 2392 2394 2482; baseline 0.003 -27"><span class='ocrx_word' id='word_1_90' title='bbox 155 2392 428 2456; x_wconf 88' lang='lat' dir='ltr'>oemium</span> <span class='ocrx_word' id='word_1_91' title='bbox 490 2393 650 2459; x_wconf 88' lang='lat' dir='ltr'>XXI</span> <span class='ocrx_word' id='word_1_92' title='bbox 706 2392 1022 2478; x_wconf 89' lang='lat' dir='ltr'>principio</span> <span class='ocrx_word' id='word_1_93' title='bbox 1077 2393 1162 2459; x_wconf 91' lang='lat' dir='ltr'>ad</span> <span class='ocrx_word' id='word_1_94' title='bbox 1222 2395 1490 2479; x_wconf 83' lang='lat' dir='ltr'>primam</span> <span class='ocrx_word' id='word_1_95' title='bbox 1551 2396 1904 2463; x_wconf 86' lang='lat' dir='ltr'>orationem</span> <span class='ocrx_word' id='word_1_96' title='bbox 1967 2397 2394 2482; x_wconf 89' lang='lat' dir='ltr'>Philippicam</span> 
     </span>
     <span class='ocr_line' id='line_1_12' title="bbox 155 2509 2415 2598; baseline 0.004 -27"><span class='ocrx_word' id='word_1_97' title='bbox 155 2517 482 2574; x_wconf 86' lang='lat' dir='ltr'>exaratum</span> <span class='ocrx_word' id='word_1_98' title='bbox 531 2530 674 2576; x_wconf 89' lang='lat' dir='ltr'>esse</span> <span class='ocrx_word' id='word_1_99' title='bbox 721 2509 1132 2577; x_wconf 78' lang='lat' dir='ltr'>inveniemus,</span> <span class='ocrx_word' id='word_1_100' title='bbox 1225 2512 1392 2577; x_wconf 90' lang='lat' dir='ltr'>Nam</span> <span class='ocrx_word' id='word_1_101' title='bbox 1423 2513 1781 2579; x_wconf 89' lang='lat' dir='ltr'>sententiae</span> <span class='ocrx_word' id='word_1_102' title='bbox 1816 2532 2033 2579; x_wconf 89' lang='lat' dir='ltr'>eorum</span> <span class='ocrx_word' id='word_1_103' title='bbox 2082 2533 2221 2579; x_wconf 89' lang='lat' dir='ltr'>cum</span> <span class='ocrx_word' id='word_1_104' title='bbox 2268 2513 2415 2598; x_wconf 51' lang='lat' dir='ltr'>inis,</span> 
     </span>
     <span class='ocr_line' id='line_1_13' title="bbox 156 2624 1741 2713; baseline 0.003 -24"><span class='ocrx_word' id='word_1_105' title='bbox 156 2624 551 2692; x_wconf 87' lang='lat' dir='ltr'>orationibus</span> <span class='ocrx_word' id='word_1_106' title='bbox 597 2626 1033 2711; x_wconf 78' lang='lat' dir='ltr'>singularibus</span> <span class='ocrx_word' id='word_1_107' title='bbox 1082 2636 1438 2713; x_wconf 83' lang='lat' dir='ltr'>congruunt</span> <span class='ocrx_word' id='word_1_108' title='bbox 1485 2630 1741 2713; x_wconf 86' lang='lat' dir='ltr'>optime.</span> 
     </span>
    </p>

    <p class='ocr_par' dir='ltr' id='par_1_5' title="bbox 152 2743 2396 3508">
     <span class='ocr_line' id='line_1_14' title="bbox 330 2743 2395 2829; baseline 0.001 -21"><span class='ocrx_word' id='word_1_109' title='bbox 330 2743 687 2810; x_wconf 83' lang='lat' dir='ltr'>Blassius</span> <span class='ocrx_word' id='word_1_110' title='bbox 737 2743 997 2827; x_wconf 90' lang='lat' dir='ltr'>quidem</span> <span class='ocrx_word' id='word_1_111' title='bbox 1043 2745 1108 2826; x_wconf 91' lang='lat' dir='ltr'>(l.</span> <span class='ocrx_word' id='word_1_112' title='bbox 1147 2745 1186 2809; x_wconf 95' lang='lat' dir='ltr'>l.</span> <span class='ocrx_word' id='word_1_113' title='bbox 1235 2748 1364 2810; x_wconf 81' lang='lat'>283</span> <span class='ocrx_word' id='word_1_114' title='bbox 1413 2744 1747 2829; x_wconf 83' lang='lat' dir='ltr'>Anmerk.)</span> <span class='ocrx_word' id='word_1_115' title='bbox 1798 2746 2395 2829; x_wconf 83' lang='lat' dir='ltr'>Broughamum</span> 
     </span>
     <span class='ocr_line' id='line_1_15' title="bbox 154 2859 2396 2945; baseline 0.002 -24"><span class='ocrx_word' id='word_1_116' title='bbox 154 2868 322 2926; x_wconf 85' lang='lat' dir='ltr'>recte</span> <span class='ocrx_word' id='word_1_117' title='bbox 370 2859 609 2926; x_wconf 80' lang='lat' dir='ltr'>sentire</span> <span class='ocrx_word' id='word_1_118' title='bbox 658 2867 872 2944; x_wconf 82' lang='lat' dir='ltr'>negat.</span> <span class='ocrx_word' id='word_1_119' title='bbox 968 2859 1099 2925; x_wconf 87' lang='lat' dir='ltr'>Sed</span> <span class='ocrx_word' id='word_1_120' title='bbox 1148 2859 1309 2926; x_wconf 88' lang='lat' dir='ltr'>haee</span> <span class='ocrx_word' id='word_1_121' title='bbox 1366 2882 1468 2927; x_wconf 89' lang='lat' dir='ltr'>res</span> <span class='ocrx_word' id='word_1_122' title='bbox 1517 2882 1643 2927; x_wconf 88' lang='lat' dir='ltr'>non</span> <span class='ocrx_word' id='word_1_123' title='bbox 1692 2862 1785 2927; x_wconf 88' lang='lat' dir='ltr'>ita</span> <span class='ocrx_word' id='word_1_124' title='bbox 1831 2882 1900 2928; x_wconf 91' lang='lat' dir='ltr'>se</span> <span class='ocrx_word' id='word_1_125' title='bbox 1957 2862 2184 2945; x_wconf 88' lang='lat' dir='ltr'>habet;</span> <span class='ocrx_word' id='word_1_126' title='bbox 2247 2883 2396 2926; x_wconf 85' lang='lat' dir='ltr'>nam</span> 
     </span>
     <span class='ocr_line' id='line_1_16' title="bbox 158 2975 2393 3063; baseline 0.002 -24"><span class='ocrx_word' id='word_1_127' title='bbox 158 2975 718 3060; x_wconf 86' lang='lat' dir='ltr'>Broughamus</span> <span class='ocrx_word' id='word_1_128' title='bbox 756 2976 1146 3060; x_wconf 89' lang='lat' dir='ltr'>prooemium</span> <span class='ocrx_word' id='word_1_129' title='bbox 1178 2977 1422 3061; x_wconf 82' lang='lat' dir='ltr'>XXIII,</span> <span class='ocrx_word' id='word_1_130' title='bbox 1475 2998 1599 3043; x_wconf 91' lang='lat' dir='ltr'>non</span> <span class='ocrx_word' id='word_1_131' title='bbox 1636 2977 1845 3062; x_wconf 84' lang='lat' dir='ltr'>XXII,</span> <span class='ocrx_word' id='word_1_132' title='bbox 1896 2985 1965 3042; x_wconf 88' lang='lat' dir='ltr'>ut</span> <span class='ocrx_word' id='word_1_133' title='bbox 1995 2978 2087 3042; x_wconf 91' lang='lat' dir='ltr'>illi</span> <span class='ocrx_word' id='word_1_134' title='bbox 2120 2976 2393 3063; x_wconf 88' lang='lat' dir='ltr'>videtur,</span> 
     </span>
     <span class='ocr_line' id='line_1_17' title="bbox 155 3076 2393 3177; baseline 0.001 -20"><span class='ocrx_word' id='word_1_135' title='bbox 155 3092 356 3174; x_wconf 87' lang='lat' dir='ltr'>primo</span> <span class='ocrx_word' id='word_1_136' title='bbox 403 3092 488 3157; x_wconf 93' lang='lat' dir='ltr'>ad</span> <span class='ocrx_word' id='word_1_137' title='bbox 546 3092 899 3159; x_wconf 89' lang='lat' dir='ltr'>orationem</span> <span class='ocrx_word' id='word_1_138' title='bbox 956 3091 1038 3159; x_wconf 91' lang='lat' dir='ltr'>de</span> <span class='ocrx_word' id='word_1_139' title='bbox 1095 3093 1389 3159; x_wconf 88' lang='lat' dir='ltr'>libertate</span> <span class='ocrx_word' id='word_1_140' title='bbox 1436 3092 1829 3159; x_wconf 90' lang='lat' dir='ltr'>Rhodiorum</span> <span class='ocrx_word' id='word_1_141' title='bbox 1885 3076 2192 3177; x_wconf 80' lang='lat' dir='ltr'>scriptam</span> <span class='ocrx_word' id='word_1_142' title='bbox 2249 3114 2393 3160; x_wconf 88' lang='lat' dir='ltr'>esse</span> 
     </span>
     <span class='ocr_line' id='line_1_18' title="bbox 153 3208 2391 3293; baseline 0.002 -22"><span class='ocrx_word' id='word_1_143' title='bbox 153 3209 415 3275; x_wconf 87' lang='lat' dir='ltr'>notavit.</span> <span class='ocrx_word' id='word_1_144' title='bbox 509 3210 648 3274; x_wconf 86' lang='lat' dir='ltr'>Hoc</span> <span class='ocrx_word' id='word_1_145' title='bbox 695 3216 906 3275; x_wconf 83' lang='lat' dir='ltr'>autem</span> <span class='ocrx_word' id='word_1_146' title='bbox 955 3217 1051 3276; x_wconf 91' lang='lat' dir='ltr'>est</span> <span class='ocrx_word' id='word_1_147' title='bbox 1098 3210 1161 3274; x_wconf 91' lang='lat' dir='ltr'>in</span> <span class='ocrx_word' id='word_1_148' title='bbox 1210 3209 1491 3275; x_wconf 86' lang='lat' dir='ltr'>editione</span> <span class='ocrx_word' id='word_1_149' title='bbox 1540 3208 1951 3276; x_wconf 82' lang='lat' dir='ltr'>Dindorfii</span> <span class='ocrx_word' id='word_1_150' title='bbox 1994 3209 2391 3293; x_wconf 90' lang='lat' dir='ltr'>prooemium</span> 
     </span>
     <span class='ocr_line' id='line_1_19' title="bbox 153 3323 2382 3409; baseline 0 -20"><span class='ocrx_word' id='word_1_151' title='bbox 153 3325 387 3409; x_wconf 85' lang='lat' dir='ltr'>XXIV,</span> <span class='ocrx_word' id='word_1_152' title='bbox 438 3323 519 3391; x_wconf 92' lang='lat' dir='ltr'>de</span> <span class='ocrx_word' id='word_1_153' title='bbox 568 3346 694 3408; x_wconf 91' lang='lat' dir='ltr'>quo</span> <span class='ocrx_word' id='word_1_154' title='bbox 742 3324 1282 3409; x_wconf 84' lang='lat' dir='ltr'>Bronghamus</span> <span class='ocrx_word' id='word_1_155' title='bbox 1329 3324 1482 3390; x_wconf 89' lang='lat' dir='ltr'>mihi</span> <span class='ocrx_word' id='word_1_156' title='bbox 1533 3323 1790 3408; x_wconf 90' lang='lat' dir='ltr'>quidem</span> <span class='ocrx_word' id='word_1_157' title='bbox 1838 3325 2192 3392; x_wconf 88' lang='lat' dir='ltr'>rectissime</span> <span class='ocrx_word' id='word_1_158' title='bbox 2240 3346 2382 3391; x_wconf 91' lang='lat' dir='ltr'>sen-</span> 
     </span>
     <span class='ocr_line' id='line_1_20' title="bbox 152 3440 1452 3508; baseline 0.002 -4"><span class='ocrx_word' id='word_1_159' title='bbox 152 3440 313 3507; x_wconf 87' lang='lat' dir='ltr'>sisse</span> <span class='ocrx_word' id='word_1_160' title='bbox 363 3440 634 3508; x_wconf 89' lang='lat' dir='ltr'>videtur.</span> <span class='ocrx_word' id='word_1_161' title='bbox 727 3442 894 3507; x_wconf 87' lang='lat' dir='ltr'>Nam</span> <span class='ocrx_word' id='word_1_162' title='bbox 942 3460 1045 3508; x_wconf 89' lang='lat' dir='ltr'>res</span> <span class='ocrx_word' id='word_1_163' title='bbox 1094 3449 1191 3507; x_wconf 91' lang='lat' dir='ltr'>est</span> <span class='ocrx_word' id='word_1_164' title='bbox 1238 3440 1452 3507; x_wconf 71' lang='lat' dir='ltr'>haec·</span> 
     </span>
    </p>

    <p class='ocr_par' dir='ltr' id='par_1_6' title="bbox 151 3557 2388 4000">
     <span class='ocr_line' id='line_1_21' title="bbox 325 3557 2388 3643; baseline 0.001 -21"><span class='ocrx_word' id='word_1_165' title='bbox 325 3558 511 3623; x_wconf 89' lang='lat' dir='ltr'>Anno</span> <span class='ocrx_word' id='word_1_166' title='bbox 566 3557 1012 3624; x_wconf 87' lang='lat' dir='ltr'>trecentesimo</span> <span class='ocrx_word' id='word_1_167' title='bbox 1071 3558 1600 3642; x_wconf 83' lang='lat' dir='ltr'>quinquagesimo</span> <span class='ocrx_word' id='word_1_168' title='bbox 1656 3558 1927 3643; x_wconf 90' lang='lat' dir='ltr'>septimo</span> <span class='ocrx_word' id='word_1_169' title='bbox 1994 3558 2231 3624; x_wconf 89' lang='lat' dir='ltr'>bellum</span> <span class='ocrx_word' id='word_1_170' title='bbox 2287 3579 2388 3624; x_wconf 90' lang='lat' dir='ltr'>so-</span> 
     </span>
     <span class='ocr_line' id='line_1_22' title="bbox 154 3672 2388 3759; baseline -0 -21"><span class='ocrx_word' id='word_1_171' title='bbox 154 3675 311 3741; x_wconf 83' lang='lat' dir='ltr'>ciale</span> <span class='ocrx_word' id='word_1_172' title='bbox 344 3682 632 3740; x_wconf 85' lang='lat' dir='ltr'>exortum</span> <span class='ocrx_word' id='word_1_173' title='bbox 666 3682 782 3759; x_wconf 90' lang='lat' dir='ltr'>est,</span> <span class='ocrx_word' id='word_1_174' title='bbox 818 3674 968 3757; x_wconf 87' lang='lat' dir='ltr'>quia</span> <span class='ocrx_word' id='word_1_175' title='bbox 998 3672 1252 3758; x_wconf 86' lang='lat' dir='ltr'>Rhodii,</span> <span class='ocrx_word' id='word_1_176' title='bbox 1303 3673 1464 3757; x_wconf 74' lang='lat' dir='ltr'>Chii,</span> <span class='ocrx_word' id='word_1_177' title='bbox 1516 3673 1651 3757; x_wconf 86' lang='lat' dir='ltr'>Coi,</span> <span class='ocrx_word' id='word_1_178' title='bbox 1703 3674 2017 3758; x_wconf 83' lang='lat' dir='ltr'>Byzantii,</span> <span class='ocrx_word' id='word_1_179' title='bbox 2057 3673 2388 3758; x_wconf 84' lang='lat' dir='ltr'>Perinthii,</span> 
     </span>
     <span class='ocr_line' id='line_1_23' title="bbox 154 3784 2388 3875; baseline 0 -21"><span class='ocrx_word' id='word_1_180' title='bbox 154 3784 524 3875; x_wconf 79' lang='lat' dir='ltr'>Selymbrii,</span> <span class='ocrx_word' id='word_1_181' title='bbox 586 3788 1024 3874; x_wconf 86' lang='lat' dir='ltr'>Chalcedonii,</span> <span class='ocrx_word' id='word_1_182' title='bbox 1086 3788 1450 3855; x_wconf 87' lang='lat' dir='ltr'>divitissimi</span> <span class='ocrx_word' id='word_1_183' title='bbox 1511 3796 1575 3855; x_wconf 90' lang='lat' dir='ltr'>et</span> <span class='ocrx_word' id='word_1_184' title='bbox 1636 3789 2058 3874; x_wconf 84' lang='lat' dir='ltr'>potentissimi</span> <span class='ocrx_word' id='word_1_185' title='bbox 2109 3790 2388 3855; x_wconf 89' lang='lat' dir='ltr'>omnium</span> 
     </span>
     <span class='ocr_line' id='line_1_24' title="bbox 151 3903 2312 4000; baseline 0.001 -31"><span class='ocrx_word' id='word_1_186' title='bbox 151 3908 482 3991; x_wconf 87' lang='lat' dir='ltr'>sociorum,</span> <span class='ocrx_word' id='word_1_187' title='bbox 531 3908 613 3971; x_wconf 89' lang='lat' dir='ltr'>ab</span> <span class='ocrx_word' id='word_1_188' title='bbox 658 3906 1160 3992; x_wconf 85' lang='lat' dir='ltr'>Atheniensibus</span> <span class='ocrx_word' id='word_1_189' title='bbox 1208 3905 1415 3989; x_wconf 89' lang='lat' dir='ltr'>pressi</span> <span class='ocrx_word' id='word_1_190' title='bbox 1461 3925 1541 3971; x_wconf 89' lang='lat' dir='ltr'>ac</span> <span class='ocrx_word' id='word_1_191' title='bbox 1585 3905 1802 4000; x_wconf 74' lang='lat' dir='ltr'>vexati</span> <span class='ocrx_word' id='word_1_192' title='bbox 1849 3903 2220 3971; x_wconf 84' lang='lat' dir='ltr'>defecerant</span> <span class='ocrx_word' id='word_1_193' title='bbox 2242 3906 2312 3991; x_wconf 88' lang='lat'>1).</span> 
     </span>
    </p>

    <p class='ocr_par' dir='ltr' id='par_1_7' title="bbox 151 4019 2387 4339">
     <span class='ocr_line' id='line_1_25' title="bbox 327 4019 2387 4107; baseline 0 -20"><span class='ocrx_word' id='word_1_194' title='bbox 327 4021 453 4100; x_wconf 82' lang='lat' dir='ltr'>Qui</span> <span class='ocrx_word' id='word_1_195' title='bbox 499 4022 825 4106; x_wconf 88' lang='lat' dir='ltr'>timentes,</span> <span class='ocrx_word' id='word_1_196' title='bbox 875 4043 954 4088; x_wconf 91' lang='lat' dir='ltr'>ne</span> <span class='ocrx_word' id='word_1_197' title='bbox 1005 4021 1254 4107; x_wconf 82' lang='lat' dir='ltr'>Ochus,</span> <span class='ocrx_word' id='word_1_198' title='bbox 1314 4042 1428 4087; x_wconf 87' lang='lat' dir='ltr'>rex</span> <span class='ocrx_word' id='word_1_199' title='bbox 1474 4022 1849 4105; x_wconf 87' lang='lat' dir='ltr'>Persarum,</span> <span class='ocrx_word' id='word_1_200' title='bbox 1914 4019 2205 4086; x_wconf 91' lang='lat' dir='ltr'>hostibus</span> <span class='ocrx_word' id='word_1_201' title='bbox 2253 4021 2387 4087; x_wconf 90' lang='lat' dir='ltr'>suis</span> 
     </span>
     <span class='ocr_line' id='line_1_26' title="bbox 151 4137 2387 4223; baseline 0 -21"><span class='ocrx_word' id='word_1_202' title='bbox 151 4137 390 4205; x_wconf 83' lang='lat' dir='ltr'>auxilio</span> <span class='ocrx_word' id='word_1_203' title='bbox 437 4138 710 4223; x_wconf 85' lang='lat' dir='ltr'>veniret,</span> <span class='ocrx_word' id='word_1_204' title='bbox 759 4159 839 4204; x_wconf 88' lang='lat' dir='ltr'>ea</span> <span class='ocrx_word' id='word_1_205' title='bbox 887 4138 1284 4223; x_wconf 87' lang='lat' dir='ltr'>conditione,</span> <span class='ocrx_word' id='word_1_206' title='bbox 1340 4145 1409 4204; x_wconf 91' lang='lat' dir='ltr'>ut</span> <span class='ocrx_word' id='word_1_207' title='bbox 1454 4138 1546 4203; x_wconf 90' lang='lat' dir='ltr'>illi</span> <span class='ocrx_word' id='word_1_208' title='bbox 1596 4137 1779 4203; x_wconf 87' lang='lat' dir='ltr'>liberi</span> <span class='ocrx_word' id='word_1_209' title='bbox 1825 4143 2077 4221; x_wconf 87' lang='lat' dir='ltr'>essent,</span> <span class='ocrx_word' id='word_1_210' title='bbox 2126 4144 2387 4203; x_wconf 89' lang='lat' dir='ltr'>auctore</span> 
     </span>
     <span class='ocr_line' id='line_1_27' title="bbox 151 4246 2372 4339; baseline 0 -20"><span class='ocrx_word' id='word_1_211' title='bbox 151 4255 397 4320; x_wconf 87' lang='lat' dir='ltr'>Eubnlo</span> <span class='ocrx_word' id='word_1_212' title='bbox 442 4246 667 4339; x_wconf 84' lang='lat' dir='ltr'>pacem</span> <span class='ocrx_word' id='word_1_213' title='bbox 714 4254 1004 4321; x_wconf 86' lang='lat' dir='ltr'>fecerunt</span> <span class='ocrx_word' id='word_1_214' title='bbox 1020 4255 1094 4339; x_wconf 81' lang='grc'>2).</span> <span class='ocrx_word' id='word_1_215' title='bbox 2362 4261 2372 4266; x_wconf 79' lang='grc'><strong>’</strong></span> 
     </span>
    </p>
   </div>
   <div class='ocr_carea' id='block_1_5' title="bbox 151 4374 573 4381">
    <p class='ocr_par' dir='ltr' id='par_1_8' title="bbox 151 4374 573 4381">
     <span class='ocr_line' id='line_1_28' title="bbox 151 4374 573 4381; baseline 0 836"><span class='ocrx_word' id='word_1_216' title='bbox 151 4374 573 4381; x_wconf 95' lang='lat' dir='ltr'> </span> 
     </span>
    </p>
   </div>
   <div class='ocr_carea' id='block_1_6' title="bbox 322 4413 2384 4570">
    <p class='ocr_par' dir='ltr' id='par_1_9' title="bbox 322 4413 2384 4570">
     <span class='ocr_line' id='line_1_29' title="bbox 330 4413 2384 4480; baseline 0 -12"><span class='ocrx_word' id='word_1_217' title='bbox 330 4416 381 4480; x_wconf 89' lang='grc'>1)</span> <span class='ocrx_word' id='word_1_218' title='bbox 429 4413 694 4467; x_wconf 89' lang='lat' dir='ltr'>Diodorus</span> <span class='ocrx_word' id='word_1_219' title='bbox 725 4417 804 4478; x_wconf 83' lang='lat'>16,</span> <span class='ocrx_word' id='word_1_220' title='bbox 834 4418 882 4472; x_wconf 82' lang='lat'>7.</span> <span class='ocrx_word' id='word_1_221' title='bbox 939 4414 1088 4466; x_wconf 90' lang='lat' dir='ltr'>Dem.</span> <span class='ocrx_word' id='word_1_222' title='bbox 1113 4429 1187 4467; x_wconf 92' lang='lat' dir='ltr'>or.</span> <span class='ocrx_word' id='word_1_223' title='bbox 1210 4413 1274 4466; x_wconf 91' lang='lat' dir='ltr'>de</span> <span class='ocrx_word' id='word_1_224' title='bbox 1294 4413 1473 4468; x_wconf 85' lang='lat' dir='ltr'>libert.</span> <span class='ocrx_word' id='word_1_225' title='bbox 1495 4413 1672 4467; x_wconf 89' lang='lat' dir='ltr'>Rhod.</span> <span class='ocrx_word' id='word_1_226' title='bbox 1700 4417 1815 4477; x_wconf 85' lang='lat'>191,</span> <span class='ocrx_word' id='word_1_227' title='bbox 1840 4418 1887 4477; x_wconf 80' lang='lat'>5,</span> <span class='ocrx_word' id='word_1_228' title='bbox 1916 4417 2007 4477; x_wconf 90' lang='lat'>11;</span> <span class='ocrx_word' id='word_1_229' title='bbox 2051 4417 2166 4478; x_wconf 82' lang='grc'><strong>198,</strong></span> <span class='ocrx_word' id='word_1_230' title='bbox 2198 4418 2276 4479; x_wconf 89' lang='grc'>10,</span> <span class='ocrx_word' id='word_1_231' title='bbox 2303 4418 2384 4469; x_wconf 92' lang='grc'>14.</span> 
     </span>
     <span class='ocr_line' id='line_1_30' title="bbox 322 4502 829 4570; baseline 0 -13"><span class='ocrx_word' id='word_1_232' title='bbox 322 4505 380 4570; x_wconf 79' lang='lat'>2)</span> <span class='ocrx_word' id='word_1_233' title='bbox 425 4502 582 4557; x_wconf 87' lang='lat' dir='ltr'>Diod.</span> <span class='ocrx_word' id='word_1_234' title='bbox 628 4507 705 4568; x_wconf 88' lang='lat'>16,</span> <span class='ocrx_word' id='word_1_235' title='bbox 744 4507 829 4557; x_wconf 81' lang='lat'>22.</span> 
     </span>
    </p>
   </div>
  </div>
 </body>
</html>
